3125 5317
838 634 881 696 12

275 813 545 899 paciscentium
574 815 768 882 voluntate
800 815 923 902 majus
954 821 992 882 et
1023 815 1230 902 antiquius,
1260 814 1421 899 scilicet,

279 939 414 1008 alendo
440 939 577 1026 opifici,
597 939 697 1026 frugi
724 940 877 1025 quidem
893 948 932 1008 et
948 940 1040 1010 bene
1057 947 1211 1024 moreto,
1233 941 1336 1009 hand
1358 941 1425 1007 im-

278 1086 405 1152 parem
421 1087 500 1134 esse
517 1066 720 1134 mercedem
739 1067 972 1151 oportere.”1

760 1289 934 1338 XXXVIII.

323 1462 398 1547 Illi,
419 1463 486 1552 qui
502 1464 682 1534 bonorum
708 1463 980 1533 abundantiam
1008 1463 1158 1547 hebent,
1180 1462 1313 1531 stricte
1329 1462 1423 1531 obli·

277 1589 430 1676 gatione
446 1594 622 1658 tenentur
638 1589 785 1657 miseris
801 1607 1024 1660 succurrere.

782 1802 922 1855 XXXIX.

322 1996 410 2084 Ipsa
436 1997 550 2094 etiam
578 1996 827 2064 communitas
851 1995 1044 2082 obligatur
1071 1995 1246 2063 membris
1278 1996 1358 2062 suis
1382 1995 1423 2061 in

277 2125 499 2192 necessitate
524 2123 729 2209 providere,
751 2122 970 2208 praesertim
996 2122 1027 2189 si
1055 2122 1093 2189 id
1119 2141 1141 2188 a
1165 2121 1326 2207 privatis
1351 2140 1424 2188 non

278 2249 503 2318 sufficienter
519 2255 718 2335 prestetur.

819 2409 881 2458 XL.

323 2587 421 2654 Gnre
450 2605 656 2672 pauperum
690 2584 846 2670 speciali
874 2584 983 2651 modo
1007 2583 1197 2650 Ecclesiae
1229 2583 1426 2649 commissa

276 2717 342 2794 est,
360 2711 420 2778 cui
438 2711 595 2797 proinde
611 2711 792 2792 competit
808 2730 961 2796 opernm
980 2709 1255 2776 misericordiae
1265 2709 1425 2776 directio

278 2837 379 2922 apud
396 2837 537 2904 fideles.

812 2962 891 3012 xm.

322 3141 461 3208 Rerum
487 3140 722 3226 propriarum
747 3159 837 3206 usus
862 3158 936 3206 non
962 3138 1082 3205 solum
1113 3139 1319 3206 communis
1348 3159 1427 3206 esse

278 3266 399 3351 debet,
414 3265 667 3332 verumetiam
680 3263 892 3347 rationalis;
910 3264 976 3350 qui
987 3268 1112 3330 autem
1125 3263 1368 3331 immoderate
1378 3263 1427 3330 iis

278 3391 467 3474 fruuntur,
484 3397 641 3476 peccant
657 3410 745 3457 sane
763 3395 892 3457 contre
902 3389 1202 3475 temperantiam,
1224 3391 1298 3457 imo
1315 3390 1427 3477 justi-

278 3515 369 3583 tiam
395 3516 568 3584 socialem
595 3515 741 3582 laedere
765 3521 942 3600 possunt:
969 3520 1199 3600 quapropter
1222 3514 1313 3581 fines
1339 3535 1427 3582 snos

278 3661 351 3708 non
376 3641 526 3708 excedit
551 3640 755 3708 auotoritas
780 3639 905 3707 civilis
936 3641 1035 3726 leges
1068 3639 1324 3725 sumptuarias
1349 3640 1426 3707 edi-

279 3766 407 3834 cende.

798 3907 892 3956 xn11.

324 4083 401 4150 The
417 4085 582 4168 practice
599 4083 639 4150 of
654 4082 849 4151 Christian
866 4082 1015 4167 charity
1027 4083 1060 4150 is
1073 4102 1142 4149 one
1159 4083 1199 4150 of
1215 4083 1280 4150 the
1291 4083 1428 4150 distin-

278 4209 459 4296 guishing
475 4209 603 4277 marks
620 4209 660 4276 oi
684 4209 747 4275 the
764 4209 913 4277 Ohurch
932 4208 971 4274 in
989 4208 1053 4276 the
1069 4209 1175 4295 early
1194 4210 1337 4296 ageses
1361 4211 1430 4281 her

280 4336 478 4403 existence.

319 4548 327 4575 ¹
338 4547 450 4615 Encyc.
464 4548 573 4602 hrum
584 4547 742 4602 Novarum.
