3125 5317
493 1225 548 1336 T
551 1224 797 1344 HESES

626 1511 652 1560 1.

119 1671 225 1736 Actus
242 1669 333 1737 fidei
350 1669 585 1758 theologicae
602 1673 659 1738 est
675 1688 849 1736 assensus
866 1668 1042 1736 revelatis
1058 1668 1215 1754 praesti-

86 1805 141 1874 tus,
160 1802 261 1862 “nou
279 1795 826 1882 propterintriuseoumrerum
838 1794 1035 1862 veritatem
1048 1793 1215 1862 naturali

86 1921 220 1988 rationis
241 1922 390 1990 lumine
414 1927 658 2008 perspectam,
682 1922 747 1989 sed
772 1927 925 2008 propter
951 1921 1214 1989 auctoritatem

86 2044 183 2130 ipsius
198 2045 269 2113 Dei
286 2046 505 2132 revelantis,
519 2046 585 2134 qui
602 2067 669 2114 nec
685 2045 770 2114 falli
787 2067 854 2114 uec
870 2045 1002 2114 fallere
1018 2046 1206 2132 potest.’'1

626 2292 668 2340 11.

119 2445 218 2514 Hebr.
235 2447 321 2531 XL,
337 2452 369 2531 1,
385 2449 593 2533 Apostolus
608 2448 890 2516 “definitionem
901 2448 988 2516 fidei
1000 2449 1109 2534 ponit
1119 2469 1213 2516 com-

88 2572 166 2654 plete
181 2573 346 2658 quidem,
368 2574 437 2641 sed
454 2574 669 2641 obscure.”2

607 2801 655 2852 111
668 2835 675 2850 .

118 2955 214 3024 Fidei
231 2958 470 3044 theologicae
486 2979 659 3026 assensus
676 2959 773 3026 liber
789 2966 856 3041 est,
872 2979 947 3027 nou
964 2961 1085 3027 solum
1103 2959 1211 3027 liber·

87 3089 147 3148 tate
161 3083 344 3166 exercitii,
367 3082 564 3151 sedetiam
582 3083 756 3152 libertate
773 3084 1076 3170 specificationis.

617 3329 671 3378 IV·

127 3485 284 3570 Adoltis,
313 3485 363 3553 ad
386 3485 684 3571 justificationen
712 3487 1021 3573 consequendam,
1046 3488 1217 3556 absolute

94 3611 300 3678 necessarius
317 3617 375 3678 est
392 3610 614 3685 necessitate
628 3611 742 3678 medii
754 3610 895 3697 aliquis
908 3617 1015 3680 actus
1032 3613 1118 3680 fidei
1138 3613 1217 3679 the-

92 3732 242 3821 ologicee.

622 3845 659 3894 v.

128 3999 262 4070 Virtuti
288 4001 377 4069 fidei
402 4002 608 4087 opponitur
635 4009 827 4088 peccatum
846 4004 1094 4088 infidelitatis,
1116 4007 1215 4091 quod

95 4127 319 4195 committitur
334 4128 644 4214 quotiescumque
665 4127 774 4195 homo
792 4129 987 4196 veritatem
1014 4133 1212 4198 revelatum

96 4249 291 4320 sufficienter
308 4252 383 4320 sibi
401 4250 632 4337 propositum
650 4253 784 4337 rejicit.

843 4418 1228 4444 --....-...-..-.-.-.—..'

124 4459 215 4516 'Ocno
224 4463 292 4518 Vct.
308 4463 416 4517 Oonst.
431 4462 487 4515 Det
499 4461 603 4531 utum,
617 4477 641 4517 c
657 4464 709 4518 111.

137 4543 162 4598 S.
171 4545 306 4618 Tuom,
320 4547 355 4601 in
367 4545 398 4600 it
413 4545 433 4602 l.
