3125 5317
717 517 738 579 9

604 749 606 753 -
697 714 763 764 XV.

192 847 482 918 Matrimonium
509 851 810 921 Christianorum
828 853 1098 923 subordinatur
1116 855 1304 943 principa·

154 973 235 1040 liter
263 982 303 1041 et
335 976 467 1063 quoad
490 978 743 1046 substantiam
768 978 990 1047 auctoritati
1006 980 1304 1066 ecclesiasticae;

155 1100 373 1169 secundario
397 1108 438 1169 et
463 1104 593 1189 quoad
617 1103 770 1171 affectus
797 1103 937 1190 civiles,
957 1106 1139 1192 potestati
1164 1111 1303 1193 tempo-

157 1224 235 1293 mli.

691 1356 775 1405 xvn

200 1507 391 1579 Ecclesiae
416 1511 634 1598 disciplina,
663 1532 738 1599 qua
765 1513 1151 1597 consanguineitatem
1178 1516 1304 1583 matri-

158 1635 281 1703 monio
305 1635 456 1704 obstare
472 1637 603 1721 voluit,
624 1636 825 1705 conformis
841 1644 899 1706 θεῖ
923 1638 1050 1706 sensui
1066 1640 1303 1726 populorum,

158 1766 197 1827 ct
210 1760 352 1828 nititur
365 1762 579 1848 gravissimi
603 1764 783 1832 momenti
811 1764 1022 1833 rationibus
1051 1770 1129 1833 tum
1157 1766 1305 1834 morali-

158 1886 326 1953 bustum
343 1887 558 1956 socialibus

684 2083 785 2132 XVII.

207 2221 406 2290 Societatis
433 2222 644 2310 conjugalis
660 2222 840 2309 perfectio
857 2230 895 2291 et
911 2224 1181 2292 incrementum
1199 2232 1306 2293 natu-

163 2346 240 2413 rale
254 2352 314 2413 cst
327 2346 487 2430 familia,
507 2367 572 2415 scu
589 2347 748 2415 societas
771 2354 969 2435 parentum
987 2356 1025 2416 et
1047 2349 1225 2417 filiorum:
1251 2356 1308 2418 est

165 2478 288 2538 antem
305 2472 441 2557 capitis
456 2472 636 2555 familiae,
651 2473 816 2540 membra
832 2473 914 2560 ejus
931 2494 998 2559 pro
1010 2474 1308 2562 uniuscujusque

166 2596 376 2664 conditione
403 2597 588 2665 instruere
615 2605 655 2692 et
680 2598 898 2685 gubernare,
919 2599 1207 2686 eorumdemque
1234 2600 1306 2669 ior·

168 2733 293 2791 tunam
311 2724 585 2792 administrare.

649 2901 768 2951 xv111.
861 2889 865 2895 '

213 3043 407 3110 Societatis
424 3043 549 3111 civilis
569 3044 690 3111 “finis
706 3044 903 3129 proximus
919 3050 977 3111 θεῖ
1002 3044 1166 3113 humano
1182 3046 1309 3132 generi

171 3168 302 3237 bonnm
319 3189 532 3255 comparare
548 3170 753 3255 temporale
768 3176 806 3237 θῖ
822 3170 1097 3237 mundanum.'’
1113 3172 1127 3223 1

695 3380 779 3429 XIX.

217 3522 406 3591 “Civilem
423 3523 638 3589 societatem
656 3522 844 3589 communi
861 3521 1025 3589 utilitati
1050 3529 1177 3589 natam
1196 3522 1236 3589 in
1254 3530 1308 3591 tu-

169 3648 262 3715 enda
278 3647 529 3734 prosperitate
554 3646 785 3734 reipublicae
811 3666 958 3715 necesse
974 3652 1032 3714 est
1048 3646 1102 3715 sic
1119 3649 1311 3717 consulere

168 3773 320 3857 civibus,
342 3779 387 3842 ut
402 3772 607 3842 obtinendo
623 3772 943 3860 adipiscendoquc
960 3791 1104 3841 summo
1120 3772 1178 3840 illi
1197 3780 1312 3861 atque

168 3899 468 3967 incommutabili
485 3898 592 3981 bono,
614 3899 714 3986 quod
733 3905 866 3984 sponte
882 3904 1079 3985 appetunt,
1099 3920 1173 3967 non
1200 3900 1312 3971 modo

166 4024 258 4092 nihil
278 4026 465 4111 importet
490 4044 652 4111 unquam
680 4024 918 4109 incommodi,
944 4026 1008 4093 sed
1040 4046 1177 4101 omnes.
1202 4047 1310 4114 quas-

164 4172 317 4240 cumque
332 4150 474 4238 pcssit,
494 4150 796 4235 opportunitates
813 4151 1017 4219 afferat.’'2

175 4364 235 4408 ἰω
243 4363 314 4411 xm,
323 4361 392 4404 mc.
414 4356 575 4401 Nouam
585 4357 710 4401 Geticum
721 4358 793 4402 Gens.

169 4430 318 4478 'laeoXHL
330 4428 402 4471 Enc.
413 4424 613 4468 immune«.
