3125 5317
675 555 695 618 9
814 513 817 518 .

117 740 152 803 et
175 755 240 821 per
263 755 344 802 eam
370 734 591 821 adiumenta
617 733 663 803 ud
689 734 959 822 perfectionem
976 735 1035 802 sui
1052 739 1142 820 epta
1159 753 1261 819 repe·

118 861 265 933 rita-”1

651 992 717 1038 xx.

159 1149 327 1216 Societas
341 1149 523 1236 religiosa
547 1171 570 1218 a
593 1149 686 1218 Iesu
711 1148 864 1218 Christo
881 1149 1072 1233 inst-itote,
1098 1154 1261 1235 “quam-

119 1274 172 1342 vIs
202 1295 251 1342 ex
278 1275 498 1344 hominibus
524 1281 678 1359 constet,
706 1295 781 1344 non
812 1295 918 1343 secus
942 1295 986 1343 ac
1010 1274 1135 1342 civille
1167 1295 1263 1343 oom-

120 1401 292 1486 munitas,
337 1407 463 1469 tamen
513 1409 666 1488 propter
714 1401 825 1469 finem
875 1401 949 1469 eibi
997 1401 1258 1484 constitutum,

118 1536 226 1614 atque
251 1529 507 1598 instrumente
530 1529 669 1616 quibus
693 1530 742 1597 ad
769 1529 881 1596 finem
904 1527 1110 1611 contendit,
1135 1547 1260 1614 super·
1362 1530 1364 1533 ’

118 1656 299 1723 naturalis
314 1662 373 1723 est
388 1661 427 1723 et
451 1655 665 1741 spiritualis
679 1679 688 1739 3
714 1661 828 1743 atque
852 1655 994 1723 idcirco
1010 1653 1263 1742 distinguitur

120 1802 159 1848 uc
174 1781 302 1850 differt
314 1801 337 1850 a
350 1781 533 1850 societate
546 1781 691 1850 civili.”
706 1785 723 1834 2

643 2012 727 2062 XXI.

168 2177 190 2208 ‘⁶
202 2170 313 2238 «Iesus
329 2169 507 2238 OhrIotus
520 2169 715 2250 Apostolis
729 2169 809 2236 suis
826 2169 945 2236 libera
961 2169 1140 2239 mundate
1156 2169 1265 2237 dedit

122 2295 159 2364 in
176 2315 289 2378 mora,
310 2296 493 2383 adjuncta
509 2303 590 2364 tum
607 2295 846 2365 ferendarum
863 2294 988 2381 legum
1004 2294 1082 2364 veri
1100 2294 1263 2363 nominis

119 2420 307 2502 facultate,
327 2427 412 2490 tum
426 2421 576 2508 gemina
593 2441 690 2502 qnae
705 2420 796 2490 hino
812 2419 1056 2500 consequitur
1064 2420 1263 2507 judicandi

120 2546 372 2633 puniendique
388 2548 616 2634 potestate.”
629 2549 646 2599 3

632 2777 721 2828 XXII
727 2808 735 2824 .

161 2935 325 3000 Actuum
350 2934 546 3002 moralitas
570 2953 645 3002 non
669 2935 844 3002 consistit
864 2935 903 3003 in
928 2954 1052 3008 eorum
1071 2934 1258 3017 libertate,

124 3077 183 3126 nec
199 3059 237 3124 in
255 3059 487 3146 obligatione
504 3061 598 3146 ipsa,
618 3060 683 3128 sed
701 3060 741 3126 in
756 3081 884 3129 eorum
901 3059 1128 3129 habitudine
1143 3059 1192 3140 ed
1209 3080 1262 3128 re·

124 3183 251 3266 gulam.

629 3297 745 3346 xxm.

165 3451 272 3520 Hebr.
297 3453 363 3538 XI,
385 3459 417 3539 1,
437 3454 559 3523 tradit
582 3455 790 3540 Apostolus
807 3455 962 3523 virtutis
989 3456 1077 3524 fidei
1101 3456 1262 3537 descrip-

129 3577 265 3664 tionem,
280 3601 329 3647 ex
339 3601 415 3667 qua
428 3585 604 3648 accurata
616 3581 698 3667 ejus
708 3581 882 3649 definitio
892 3582 973 3651 erui
987 3587 1122 3668 potest.

633 3811 743 3861 XXIV.

168 3967 345 4036 llotivum
370 3969 459 4050 fidei
492 3970 734 4056 theologicae,
763 3991 828 4038 seu
861 3971 943 4058 ejus
972 3971 1158 4060 objectum
1188 3971 1262 4040 ior·

136 4093 224 4178 nale,
241 4099 300 4162 eet
316 4095 525 4164 auotoritas
541 4095 612 4168 Dei
629 4096 817 4163 testantis.

168 4283 236 4339 *noo
246 4285 331 4354 xm,
345 4285 421 4340 nno.
435 4287 613 4354 Suptmuae.

168 4367 236 4422 'nn
246 4370 331 4436 κω,
346 4369 421 4423 nno
435 4371 604 4424 immortuo
614 4371 677 4424 ne.

170 4451 238 4506 ’Iao
248 4453 335 4522 XIII,
350 4453 425 4508 Euo.
439 4454 607 4508 Immortule
617 4453 681 4510 not
