3125 5317
672 713 693 776 9

648 910 731 958 XXI.

158 1035 291 1102 Beatae
307 1033 463 1122 Virgini
491 1035 647 1102 debetur
671 1035 797 1102 cultus
821 1035 1080 1102 eminentioris
1104 1035 1256 1117 duliae3

120 1160 196 1226 talis
211 1165 339 1227 autem
363 1160 490 1227 cultus
515 1165 729 1227 constanter
746 1159 787 1226 in
811 1160 977 1227 Ecclesia
995 1160 1029 1228 ei
1049 1161 1258 1228 attributus

118 1291 174 1368 est,
193 1284 325 1370 primis
342 1285 458 1366 etiam
479 1285 639 1352 saeculis
655 1290 693 1353 et
711 1284 935 1353 nominatim
960 1291 1047 1354 ante
1073 1286 1257 1354 haeresim

117 1409 373 1478 Nestorianam
391 1409 695 1496 Ephesinamque
713 1410 917 1497 Synodum.

635 1607 738 1656 XXII.

153 1730 449 1816 “Temperantia
464 1737 522 1799 est
538 1731 637 1798 circa
654 1732 980 1818 concupiscentias
996 1733 1250 1800 maximarum

113 1856 407 1924 delectationum.
459 1857 507 1925 Et
531 1857 623 1942 quia
639 1857 841 1925 delectatio
864 1859 1107 1946 consequitur
1123 1879 1250 1944 opera-

113 1981 238 2048 tionem
271 1984 498 2065 naturalem,
534 1987 641 2050 tanto
673 1983 826 2070 aliquae
857 1983 1133 2052 delectationes
1165 1990 1255 2052 sunt

112 2108 408 2193 vehementiores,
425 2115 568 2197 quanto
585 2115 867 2196 consequuntur
880 2111 1117 2197 operationes
1134 2111 1256 2197 magis

112 2235 303 2302 naturales.
357 2233 525 2302 Maxime
549 2241 674 2302 autem
699 2237 893 2303 naturales
917 2236 1146 2303 animalibus
1163 2244 1254 2303 suut

113 2359 340 2445 operationes
365 2359 505 2446 quibus
530 2367 771 2430 conservatur
796 2366 933 2428 natura
964 2361 1157 2428 individui
1192 2383 1258 2447 per

114 2484 224 2550 cibum
250 2490 291 2552 et
315 2491 461 2571 potum,
482 2491 519 2553 et
541 2490 677 2554 natura
700 2485 838 2572 speciei
860 2506 927 2570 per
955 2486 1253 2573 conjunctionem

111 2609 212 2678 maris
228 2615 269 2678 et
294 2609 483 2693 feminae3
506 2616 545 2678 et
568 2610 654 2678 ideo
677 2611 776 2678 circa
800 2611 1069 2678 delectationes
1086 2611 1253 2679 ciborum

109 2742 139 2802 et
159 2745 329 2822 potuum,
350 2744 389 2804 et
413 2735 512 2804 circa
528 2736 799 2804 delectationes
816 2757 1056 2805 venereorum
1081 2743 1138 2805 est
1165 2758 1250 2824 pro·

109 2861 517 2958 prietemperantia.’'1
1090 2835 1096 2844 ⁴

619 2973 737 3022 xxru.

149 3097 381 3185 “Jejunium
407 3096 502 3165 utile
526 3103 583 3165 est
606 3097 655 3165 ad
675 3098 900 3165 deletionem
926 3074 964 3165 et
982 3098 1250 3165 cohibitionem

110 3223 228 3308 cnlpae
245 3229 285 3290 et
303 3223 356 3290 ad
372 3223 620 3290 elevationem
638 3224 775 3290 mentis
792 3223 832 3289 in
850 3224 1081 3310 spiritualia.
1134 3223 1256 3291 Unus-

111 3350 259 3434 quisque
293 3355 425 3415 autem
464 3369 513 3414 ex
546 3350 713 3415 naturali
747 3351 893 3419 ratione
926 3355 1075 3416 tenetur
1107 3355 1256 3416 tantum

111 3472 255 3558 jejuniis
273 3473 335 3541 uti
351 3479 538 3560 quantum
564 3473 637 3541 sibi
656 3474 907 3542 necessarium
924 3474 1047 3541 estad
1072 3474 1254 3559 predicta.

112 3596 151 3663 Et
165 3597 248 3666 ideo
265 3598 460 3687 J'ejunium
482 3599 522 3665 in
536 3598 724 3666 communi
743 3598 847 3666 cadit
862 3599 932 3665 sub
949 3605 1148 3684 praecepto
1164 3600 1259 3686 legis

114 3731 267 3808 naturae,
289 3724 358 3792 ned
384 3724 651 3792 determinatio
677 3723 856 3810 temporis
880 3729 918 3791 et
941 3724 1043 3791 modi
1059 3725 1257 3811 jejunandi

112 3850 305 3918 secundum
317 3849 619 3918 convenientiam
631 3855 668 3916 et
679 3849 1031 3935 utilitatempopuli
1042 3849 1254 3932 christiani,

112 3975 201 4043 cadit
217 3977 290 4043 snb
313 3981 516 4062 praecepto
539 3977 636 4063 juris
656 3975 824 4063 positivi,
845 3976 946 4062 quod
963 3984 1021 4044 est
1031 3954 1058 4043 ¹a
1074 3977 1256 4062 praelatis

113 4099 287 4170 Ecclesiae
307 4101 595 4169 institutum.’'2
648 4102 760 4170 Omni
774 4102 898 4170 valore
909 4109 1034 4169 autem
1046 4103 1256 4170 destituun-

114 4233 164 4292 tur
184 4235 265 4296 tum
283 4249 446 4316 eaquae
463 4228 551 4295 olim
570 4250 591 4296 a
608 4227 919 4295 reformatoribus
942 4234 980 4295 et
1003 4229 1256 4296 rationalistis

114 4361 225 4421 contra
239 4353 541 4422 ecclesiasticam
558 4352 694 4440 J'ejunii
710 4352 953 4439 disciplinam
967 4353 1252 4439 objiciebantur,

146 4529 187 4584 ¹s
198 4530 341 4598 reomau,
356 4533 412 4597 aa,
426 4545 455 4598 q.
471 4533 528 4594 141,
541 4545 569 4584 a.
583 4534 608 4584 4.

145 4613 188 4668 ’8.
199 4614 342 4683 Thomu,
359 4617 417 4682 2-2,
431 4628 460 4683 q.
475 4615 534 4682 147,
547 4628 574 4670 a.
588 4617 613 4669 3.
