3125 5317
697 716 716 785 9

659 932 751 980 xxr.

179 1069 269 1133 Sient
280 1071 379 1135 ratio
392 1072 519 1138 Deunr
533 1095 613 1139 esse
628 1074 784 1158 prinnnu
796 1074 962 1139 omnium
976 1073 1204 1158 principium
1218 1074 1278 1139 de-

144 1205 309 1273 monstrat,
326 1197 382 1263 ita
400 1199 640 1265 demonstrat
652 1200 775 1283 Ipsurn
796 1219 874 1263 osse
888 1199 1052 1265 omnium
1067 1219 1279 1283 supremum

143 1320 307 1385 duninurn
326 1332 367 1387 et
387 1325 569 1389 ultirnunr
590 1326 710 1389 tinent:
738 1324 884 1405 agnitio
907 1334 1031 1389 autem
1050 1344 1115 1409 per
1139 1332 1281 1389 ereatu-

143 1466 201 1509 nun
232 1447 459 1514 rationalem
490 1450 764 1534 dependentiae
790 1450 985 1515 absolutae
1011 1470 1033 1514 a
1057 1449 1135 1514 Deo
1160 1449 1281 1532 primo

143 1572 317 1658 proripio,
347 1597 530 1660 snprerno
559 1577 719 1650 domino,
741 1586 777 1641 et
806 1576 941 1642 ultimo
966 1576 1049 1657 tine,
1080 1577 1280 1652 constituit

143 1700 348 1781 religionem,
372 1724 474 1787 (prae
492 1704 633 1768 ideireo
655 1705 748 1769 rnale
765 1704 1012 1768 detiniturrel
1042 1701 1180 1767 infiniti
1202 1723 1280 1785 per-

141 1824 252 1907 «,eptio,
274 1828 330 1891 rel
364 1828 621 1912 apprehensio
649 1850 772 1894 eorum
802 1849 898 1913 quae
924 1828 1180 1912 experientiae
1205 1848 1280 1893 non

141 1954 327 2036 subjacent,
352 1956 413 2019 rel
435 1955 582 2020 theoria
601 1956 761 2019 universi
782 1976 806 2017 o
820 1957 973 2038 prr'ortl

653 2134 760 2181 xxvi.

172 2273 303 2341 Christi
325 2276 454 2341 verbis
472 2276 580 2341 Joan.
604 2276 669 2357 IV,
688 2280 809 2356 atat,
832 2275 927 2339 nibil
948 2275 1161 2341 continetur
1178 2276 1278 2361 quod

138 2399 331 2465 neressitati
354 2402 483 2467 cuitus
501 2402 646 2467 externi
665 2401 715 2467 sit
732 2400 960 2485 oppositum.

649 2582 773 2629 rnrn.

177 2718 274 2786 Finis
301 2722 432 2805 orieris
461 2721 636 2787 sentinis
662 2722 843 2806 adquern
876 2722 975 2787 Deus
1002 2721 1187 2786 borninern
1206 2742 1275 2786 ore-

139 2847 214 2915 :uit
235 2848 385 2933 duplex
401 2858 470 2913 est:
499 2850 710 2933 primarius,
732 2857 885 2914 externa
904 2848 1024 2931 gloria
1043 2848 1127 2925 nen
1153 2869 1279 2942 seeun-

139 2972 262 3045 dnrius,
286 2974 457 3039 hominis
474 2974 681 3039 beatitudo.

640 3152 781 3199 XXVIII.

162 3292 377 3360 -Bentitudo
397 3294 560 3359 bominis
577 3295 762 3380 objectiva
778 3302 835 3359 est
850 3294 965 3362 Deus:
983 3294 1180 3360 beatitudo
1198 3315 1281 3359 vere

140 3418 294 3487 iornralis
328 3422 366 3487 in
407 3422 474 3487 Dei
510 3422 721 3503 cognitione
754 3431 791 3487 ot
823 3422 1025 3487 dilectione
1058 3440 1200 3485 neonon
1240 3421 1279 3485 in

138 3546 265 3619 gaudio
281 3570 330 3613 ex
349 3558 508 3633 utraque
526 3549 759 3613 uubrndante
777 3548 967 3612 oonsistit.

606 3764 612 3773 .
652 3728 759 3775 xxix,

178 3850 372 3917 Naturalis
397 3852 558 3917 bominis
585 3834 778 3917 beatitnrlo
806 3853 845 3916 in
873 3851 1085 3935 cognitione
1102 3860 1138 3917 ot
1167 3851 1279 3916 dilee-

141 3977 232 4042 tiune
248 3978 319 4043 Dei
336 3988 381 4043 nt
398 3979 563 4043 anotoris
581 3985 735 4044 naturae
765 3978 953 4053 consistin
980 3977 1176 4043 beatitudo
1193 3998 1279 4042 roro

141 4103 442 4187 supernaturalia
463 4104 511 4169 ad
529 4123 639 4187 quarn
659 4124 724 4168 nos
754 4104 854 4168 Dens
883 4124 1027 4169 sumnia
1044 4105 1279 4187 benignitate

142 4231 281 4312 erearit
304 4230 451 4296 ratione
475 4231 574 4295 ritae
597 4223 751 4297 ¹futurae
778 4230 952 4294 ronsistit
978 4229 1016 4295 in
1045 4232 1188 4297 risione
1209 4230 1278 4296 Dei

144 4374 199 4436 per
225 4356 436 4431 essentiam,
464 4356 544 4438 ejus
571 4376 691 4421 aurore
719 4355 882 4439 perfeeto
910 4355 1124 4438 gaudioque
1151 4357 1278 4421 ineffu-

174 4534 321 4597 ¹Spencer‚
340 4533 423 4583 Firsl
435 4532 541 4589 Prius..
558 4534 624 4584 Part
646 4548 706 4591 1‚c.
731 4546 794 4592 1‚2;
817 4534 887 4581 Max
907 4533 1019 4582 Miiller
1032 4531 1148 4582 Scr'ence
1160 4534 1279 4597 ojlr‘cl.,

147 4616 260 4667 tecture
277 4630 298 4666 1.
