3125 5317
705 614 744 691 ii

667 821 775 871 XXXL

168 958 360 1044 immensa
396 977 528 1045 divini
565 981 829 1067 Redemptoris
860 982 998 1050 caritas
1026 984 1064 1049 in
1093 970 1300 1069 symbolica

131 1102 260 1171 Cordis
288 1104 468 1190 imagine
496 1106 663 1191 figurata
691 1116 745 1173 est
774 1108 960 1193 objectum
990 1109 1232 1195 praecipuum
1262 1115 1300 1176 et

133 1230 227 1297 ratio
243 1230 426 1298 farina-lis
445 1232 573 1299 cultus
592 1234 670 1299 S.S.
692 1233 824 1301 Cordis
849 1234 952 1302 Jesu.

654 1464 779 1512 XXXH.

184 1622 418 1690 Beatissima
446 1622 564 1709 Virgo
595 1623 717 1689 Maria
744 1644 826 1690 vere
851 1632 889 1689 et
914 1623 1064 1709 proprie
1096 1631 1153 1692 est
1178 1624 1300 1692 Mater

144 1750 225 1817 Dei.

652 1859 796 1908 xxxm.

194 2020 462 2087 “Beatissima
486 2019 607 2103 Virgo
639 2020 761 2085 Maria
794 2019 833 2084 in
866 2018 986 2104 primo
1018 2018 1178 2086 instanti
1211 2040 1299 2087 suae

146 2145 414 2231 conceptionis
430 2144 506 2210 fuit
522 2144 707 2229 singulari
733 2143 1010 2229 Omnipotentis
1027 2144 1097 2210 Dei
1115 2144 1239 2230 gratia
1263 2153 1301 2211 et

146 2272 358 2359 privilegio,
385 2270 531 2337 intuitu
558 2268 772 2335 meritorum
801 2268 945 2337 Christi
974 2269 1065 2337 Jesu
1095 2270 1300 2337 Salvatoris

148 2398 302 2464 humani
331 2396 487 2483 generis,
509 2395 556 2461 ab
581 2394 681 2460 omni
706 2393 904 2479 originalis
931 2396 1063 2480 culpae
1088 2395 1171 2462 labe
1195 2416 1299 2481 prae-

146 2534 294 2590 servata
312 2521 552 2589 immunis.’'¹

651 2680 788 2729 XXXFR

193 2843 422 2910 Beatissima
433 2840 504 2908 Dei
514 2839 688 2907 Genitrix
700 2840 890 2906 illibatum
899 2839 1034 2907 habuit
1045 2848 1164 2906 totum
1177 2840 1298 2926 puris-

146 2934 516 3054 simae'viiginitatis
541 2966 653 3031 decus
670 2972 756 3032 ante
780 2975 942 3050 partum,
967 2964 1006 3031 in
1031 2971 1143 3050 partu
1160 2974 1198 3032 et
1214 2972 1299 3052 post

145 3106 310 3183 partum.

660 3201 781 3249 xxxv.

193 3366 253 3432 Ex
285 3365 456 3431 doctrina
482 3362 674 3431 Catholica
701 3366 843 3427 certum
872 3369 928 3428 est
954 3362 1109 3428 Beatam
1136 3363 1296 3430 Mariam

149 3513 233 3558 cum
252 3511 402 3576 corpore
420 3488 586 3574 virgineo
603 3488 642 3553 in
660 3488 802 3554 eoelum
819 3508 898 3553 esse
914 3495 1156 3572 assumptam.

653 3716 792 3765 XXXVL

197 3895 316 3963 Nullo
346 3899 564 3979 argumento
596 3891 842 3959 demonstrari
876 3899 1000 3978 potest
1028 3893 1297 3979 dogma'prae-

149 4023 293 4089 sentiae
310 4020 423 4087 realis
440 4018 576 4085 rationi
593 4039 810 4105 repugnare.

150 4186 267 4194 -·-
280 4184 432 4191 ———-——-—
446 4184 602 4189 --—-—-—--
615 4184 704 4189 --.--

232 4267 314 4318 ¹Pius
326 4269 380 4318 IX.
393 4267 476 4317 Bulla
490 4264 655 4330 Ineffabilis.
