3125 5317
841 535 864 599 8

829 732 885 781 XI.

317 891 439 961 Homo
451 896 509 960 est
524 890 776 959 essentialiter
788 910 853 959 ens
866 891 1014 978 sociale,
1029 892 1085 961 ita
1096 898 1148 978 ut,
1165 894 1213 961 ab
1229 914 1306 962 una
1320 902 1427 976 parte

280 1018 440 1087 societas
457 1017 531 1105 ipsi
547 1016 712 1085 medium
738 1016 790 1084 sit
815 1016 864 1085 ad
890 1017 1082 1104 propriam
1110 1020 1425 1089 conservationem

280 1150 320 1213 et
334 1143 624 1231 perfectionem
650 1142 697 1210 ab
714 1144 835 1210 altera
858 1148 966 1229 parte
992 1143 1072 1230 ipse
1097 1164 1187 1232 erga
1212 1146 1425 1214 societatem

281 1270 402 1338 officia
417 1275 455 1337 et
479 1256 728 1355 obligationes
753 1268 916 1337 habeat:
951 1267 1041 1336 hinc
1066 1268 1165 1338 falsa
1190 1276 1279 1339 sunt
1304 1272 1429 1340 omnia

282 1399 489 1483 systemata
505 1413 602 1481 quae
618 1394 697 1462 sive
722 1393 912 1462 hominem
930 1394 979 1461 ad
1005 1395 1221 1464 societatem
1247 1401 1428 1483 tanquam

282 1521 331 1589 ad
347 1521 458 1589 finem
484 1517 662 1603 referunt,
683 1519 761 1587 sive
786 1518 975 1587 hominem
1001 1540 1024 1587 a
1049 1521 1226 1590 societate
1253 1521 1428 1608 indepen-

282 1650 432 1718 dentem
450 1645 608 1715 iaciunt.

831 1806 903 1855 111.

329 1983 416 2053 Viri
431 1988 471 2050 et
485 1980 648 2049 feminae
671 1981 762 2049 unio
779 1980 828 2049 ad
844 1974 991 2068 generis
1013 1982 1171 2050 humani
1193 1983 1430 2071 propagatio·

284 2129 382 2193 nem,
402 2127 476 2176 non
492 2106 652 2193 physica
668 2106 778 2174 modo
794 2112 851 2174 est
866 2114 905 2174 et
921 2126 1025 2195 vaga,
1040 2107 1106 2175 aed
1122 2108 1275 2176 moralis
1291 2128 1336 2176 ac
1352 2128 1431 2192 per-

285 2252 452 2302 manens:
479 2232 571 2299 haec
597 2238 723 2299 autem
749 2232 852 2315 unio,
872 2251 948 2318 qua
975 2232 1094 2301 viret
1121 2232 1266 2318 mulier,
1287 2232 1365 2301 duo
1392 2233 1432 2299 in

286 2377 500 2442 carneuna,
520 2357 621 2424 vitae
636 2356 866 2443 principium
884 2356 1130 2442 constituunt,
1151 2358 1432 2426 matrimonium

284 2492 353 2553 est.

777 2602 782 2612 ’
815 2626 914 2711 xm..

337 2802 444 2871 “Jus
468 2802 634 2890 coniugii
658 2801 832 2869 naturale
851 2806 888 2869 et
904 2800 1168 2889 primigenium
1186 2801 1332 2870 homini
1356 2803 1433 2871 adi-

286 2949 395 3014 mere,
417 2947 632 2996 caussamve
658 2926 877 3013 nuptiarum
904 2928 1154 3013 praecipuam,
1175 2927 1246 2996 Dei
1272 2930 1431 2997 auctori·

287 3062 366 3124 tate
390 3054 502 3122 initio
534 3053 789 3137 constitutam,
822 3054 1107 3140 quoquomodo
1135 3054 1436 3123 circumscribere

287 3184 351 3250 lex
367 3180 559 3249 hominum
577 3179 684 3247 nulla
699 3180 865 3266 potest.'’
881 3182 895 3231 1

823 3406 904 3455 x1v.

340 3581 449 3649 “Illa
465 3580 538 3648 viri
554 3587 592 3647 et
616 3580 787 3647 mulieris
805 3580 1019 3667 conjunctio
1044 3600 1120 3667 qno
1145 3583 1438 3668 sapientissimis

288 3707 360 3776 Dei
378 3705 548 3777 consiliis
563 3705 805 3791 responderet
821 3706 988 3792 aptius.”
1010 3706 1098 3773 indo
1112 3707 1158 3775 ab
1172 3707 1286 3777 initio
1307 3715 1331 3749 ‘⁴
1342 3710 1439 3777 duas
1550 3740 1561 3771 c

289 3831 529 3919 potissimum
546 3850 664 3918 eaque
680 3830 720 3898 in
736 3830 869 3917 primis
889 3831 1044 3916 nobiles,
1066 3832 1174 3919 quasi
1192 3834 1268 3901 alte
1279 3833 1436 3921 impres-

290 3977 350 4024 sae
372 3963 410 4024 et
435 3955 656 4041 insculptas,
676 3975 766 4040 prae
794 3974 832 4022 se
858 3955 950 4023 tulit
977 3956 1237 4042 proprietates,
1257 3958 1437 4027 nimirum

289 4081 474 4149 unitatem
491 4087 529 4148 et
544 4080 904 4167 perpetuitatem.”2
988 4135 990 4139 .

316 4361 325 4384 ¹
335 4358 381 4401 lac
391 4358 456 4406 xm.
466 4358 523 4400 Itur.
534 4358 628 4402 mmm
636 4358 771 4403 Naronem.

316 4426 381 4467 ’leo
394 4425 459 4475 xm,
469 4426 526 4467 Eur.
536 4427 673 4469 Arcanum„
