3125 5317
865 630 886 694 8

298 807 363 875 sed
386 806 501 876 etiam
526 809 625 876 circa
649 829 693 877 ca
717 829 813 896 quae
838 816 1031 879 externam
1058 811 1300 900 disciplinam
1325 818 1363 880 et
1379 812 1441 880 ad·

298 932 615 1002 ministrationem
633 935 853 1021 respiciunt.

832 1149 918 1198 XIV.

343 1306 531 1374 Ecclesiae
556 1312 722 1392 potestas
746 1306 962 1393 legislativa
987 1330 1064 1376 sese
1089 1310 1263 1377 extendit
1286 1317 1366 1376 turn
1392 1310 1439 1377 ad

298 1437 405 1500 actus
422 1432 589 1499 internos
606 1453 689 1499 cunr
703 1433 869 1500 externis
886 1435 967 1521 conj
975 1440 1117 1519 unctos,
1135 1434 1343 1502 tumeliam
1362 1454 1443 1521 pro·

296 1557 463 1625 babilius
480 1558 528 1626 ad
546 1564 652 1625 aotns
668 1578 767 1625 mere
784 1558 961 1627 internos.
1454 1528 1456 1533 ,

838 1788 904 1837 XV.

343 1946 483 2013 Rectae
507 1945 648 2013 rationi
673 1945 861 2014 conforme
893 1952 951 2014 est
975 1953 1018 2015 ut
1042 1947 1209 2015 moribus
1231 1948 1294 2035 jus
1325 1946 1442 2015 intro-

297 2072 470 2139 ducatur.

829 2197 913 2246 xv1.

340 2356 417 2423 'l'he
434 2356 562 2424 Codex
575 2356 768 2424 (Iunonum
781 2356 821 2424 of
837 2356 1046 2441 Dionysius
1061 2358 1242 2442 Exiguus,
1260 2357 1444 2443 prepared

296 2483 415 2549 under
431 2482 495 2549 the
506 2480 691 2549 direction
704 2482 743 2549 of
760 2482 824 2550 the
839 2484 984 2593 Roman
996 2484 1157 2568 Ohurch,
1172 2504 1248 2551 was
1260 2483 1323 2551 the
1342 2483 1445 2552 basis

294 2608 333 2675 of
344 2608 402 2675 ‘all
419 2609 515 2675 later
530 2613 687 2675 western
704 2607 921 2676 collectione
938 2609 978 2676 of
993 2629 1142 2677 canons.

819 2837 920 2886 XVII.

339 2994 425 3062 Non
452 2995 603 3077 Romae,
632 3015 698 3062 neo
723 2996 941 3063 auctoribus
970 2996 1152 3064 Romanis
1177 2996 1442 3083 Pontificibus,

292 3121 341 3187 ad
367 3119 670 3205 amplificandam
697 3120 863 3206 ipsorum
892 3128 1127 3207 potestatem,
1156 3122 1360 3207 compilata
1386 3130 1446 3190 est

291 3244 462 3311 collectio
479 3246 861 3331 pseudo-Isidoriana,
884 3247 949 3314 sed
965 3247 1006 3313 in
1022 3246 1160 3330 Gallia,
1181 3248 1230 3315 ad
1252 3267 1310 3315 res
1326 3248 1442 3315 ecole-

291 3369 465 3438 siasticas
490 3371 606 3458 hujus
622 3372 786 3458 regionis
804 3374 1088 3459 componendas.
1139 3372 1292 3440 Falsum
1313 3380 1444 3439 autem

291 3504 349 3563 est
380 3496 581 3564 Nicolaum
614 3498 643 3563 Ι.
672 3499 830 3584 ejusque
863 3518 1108 3566 successorem
1141 3498 1350 3565 Adrianum
1388 3498 1441 3564 ΙΙ.

292 3620 394 3690 omni
419 3642 494 3708 quo
518 3622 713 3707 potuerint
744 3623 853 3690 modo
884 3623 1028 3690 coaevis
1060 3623 1264 3690 obtrusisse
1296 3624 1446 3708 pseudo

291 3745 497 3814 decretales
522 3746 660 3814 Isidori
687 3754 740 3829 ut,
761 3748 905 3814 abolita
930 3747 1088 3834 antiqua
1114 3746 1301 3815 Ecclesiae
1326 3748 1443 3815 disci-

290 3871 408 3956 plina,
429 3871 535 3939 aliud
552 3873 613 3958 jus
629 3872 925 3939 ecclesiasticum
942 3872 1174 3940 inducerent.

828 4101 944 4149 XVIII.
1047 4102 1049 4107 ⁸

335 4259 515 4340 Quamvis
532 4279 555 4325 a
579 4259 713 4344 primis
729 4261 890 4327 saeculis
915 4262 1056 4329 multae
1082 4262 1122 4327 in
1149 4261 1314 4329 Ecclesia
1339 4262 1442 4331 exti-

291 4385 409 4453 terint
432 4404 615 4451 canonum
645 4386 893 4469 collectiones,
922 4393 1047 4453 tamen
1072 4386 1216 4472 primus
1248 4388 1444 4458 Ecclesiae

289 4509 515 4578 universalis
528 4510 647 4578 codex
660 4510 902 4579 authenticus
918 4512 985 4581 ille
995 4518 1052 4583 est
1068 4511 1169 4603 quia
1187 4512 1322 4585 Sancto
1334 4514 1442 4607 Ray-
