3125 5317
1963 544 1974 554 ·
2026 455 2068 518 8

1961 644 2129 692 XXI.

984 754 1416 837 BeatitudO,
1453 751 1549 819 ad
1578 771 1803 837 quam
1831 751 1910 816 in
1938 751 2312 836 praesenti
2335 751 2639 819 divinae
2663 752 3125 839 providentia

886 863 1321 934 oeconomia
1354 861 1575 929 homo
1623 858 2048 927 destinatus
2096 865 2230 943 est,
2272 880 2420 928 non
2469 860 2838 929 naturalis
2893 869 3009 929 est
3054 881 3125 929 se

889 973 1291 1042 intrinsece
1325 968 1944 1056 supernaturalis.

1943 1129 2140 1178 XXII.

983 1240 1178 1320 Quia
1212 1239 1417 1307 Deus
1443 1258 1538 1305 ex
1563 1236 1862 1304 infinita
1893 1236 2233 1305 bonitate
2254 1257 2391 1304 sua
2415 1236 2798 1304 ordinavit
2829 1236 3125 1303 homine

887 1348 988 1416 ad
1037 1349 1259 1416 finem
1294 1346 1939 1432 supernaturalem
1989 1345 2348 1413 revelatio
2382 1346 2724 1413 absolute
2767 1344 3125 1412 necessari

885 1456 1212 1525 dicenda
1238 1462 1376 1524 est.

1919 1563 2153 1612 xxm.

984 1672 1377 1741 Revelatio
1409 1694 1541 1760 per
1574 1673 1623 1740 J
1628 1692 1833 1740 esum
1868 1670 2252 1740 Christum
2285 1676 2360 1738 et
2393 1690 2524 1755 per
2558 1668 2921 1756 Spiritum
2958 1668 3125 1736 San«

888 1785 1052 1847 tum
1087 1781 1167 1847 in
1199 1781 1590 1868 Apostolis
1624 1788 1740 1849 est
1772 1780 2163 1865 completa.

1919 1926 2144 2007 xilv.

982 2065 1208 2133 Hebr.
1240 2067 1373 2134 XI.
1418 2072 1480 2150 1,
1511 2067 1924 2155 Apostolus
1954 2073 2001 2104 ‘⁶
2024 2064 2533 2132 definitionem
2554 2063 2730 2132 fidei
2750 2063 2967 2149 ponit
2985 2083 3125 2130 corr

885 2174 1087 2259 plete
1120 2176 1446 2261 quidem,
1489 2175 1620 2243 sed
1654 2175 2041 2243 obscure.”
2335 2198 2345 2215 ·

2369 2264 2446 2317 St.
2494 2262 2743 2325 Thomas,
2768 2264 2832 2315 in
2855 2263 2906 2315 h.
2936 2264 2971 2315 ι.

1939 2367 2127 2415 XXV.

986 2479 1034 2513 “
1058 2474 1144 2541 In
1178 2475 1325 2542 fide
1358 2476 1423 2543 si
1456 2476 2007 2544 consideremus
2040 2475 2427 2542 formalem
2469 2474 2835 2542 rationem
2869 2474 3125 2560 objecti

886 2581 1083 2648 nihil
1119 2589 1233 2650 est
1276 2584 1488 2652 aliud
1544 2605 1768 2672 quam
1829 2584 2102 2651 veritas
2157 2583 2421 2670 prima.
2526 2582 2604 2649 Si
2655 2602 2826 2649 vero
2883 2582 3125 2650 consid

881 2711 1175 2758 eremus
1206 2693 1703 2761 materialiter
1734 2714 1824 2760 ea
1854 2692 2129 2779 quibus
2162 2692 2347 2759 fides
2380 2691 2718 2774 assentit,
2748 2710 2897 2758 non
2931 2691 3125 2758 solur

885 2804 999 2867 est
1032 2799 1193 2886 ipse
1227 2800 1453 2885 DeuS‚
1497 2801 1628 2868 sed
1661 2801 1889 2868 etiam
1934 2802 2173 2867 multa
2232 2801 2430 2882 alia3
2482 2820 2674 2887 quae
2725 2805 2976 2866 tamen
3033 2819 3122 2866 su

885 2928 1192 2975 assensu
1224 2908 1400 2976 fidei
1432 2929 1583 2976 non
1617 2910 1918 2993 cadunt,
1972 2909 2119 2976 nisi
2169 2908 2575 2976 secundum
2633 2908 2836 2994 quod
2890 2907 3125 2979 haben

881 3016 1212 3103 aliquem
1248 3017 1582 3085 ordinem
1620 3018 1716 3085 ad
1750 3017 2072 3085 Deum.’'

2151 3125 2229 3177 St.
2263 3124 2518 3186 Thomas,
2546 3126 2663 3186 2-2,
2689 3141 2735 3191 q.
2768 3127 2816 3185 1,
2843 3141 2896 3176 a.
2922 3128 2965 3176 1.

1839 3331 1844 3334 ἱ
1913 3262 2137 3310 xxm.

973 3368 1243 3437 Cultus
1276 3368 1407 3455 qui
1442 3368 1600 3458 Deo
1633 3369 1995 3456 religione
2025 3374 2455 3454 praestatur
2485 3389 2634 3437 non
2665 3369 2887 3436 modo
2941 3368 3125 3437 inte]

878 3495 1023 3543 nus
1056 3482 1132 3544 et
1162 3476 1507 3562 privatus
1541 3477 1672 3545 sed
1723 3478 1953 3545 etiam
2004 3482 2360 3545 externus
2415 3483 2491 3545 et
2543 3477 2893 3563 publicus
2948 3477 3125 3545 debe

874 3603 1058 3668 esse,
1112 3585 1402 3652 scilicet
1461 3585 1770 3653 “Deum
1822 3585 2068 3652 civilis
2120 3586 2434 3653 societas
2490 3604 2640 3672 qua
2692 3585 3007 3653 societas
3055 3605 3125 3652 es

876 3698 1261 3777 parentem
1295 3678 1371 3761 et
1421 3700 1798 3761 auctorem
1852 3714 2069 3761 suum
2105 3699 2464 3780 agnoscat
2505 3693 3004 3761 necessarium
3054 3713 3125 3761 es

874 3804 1103 3886 atque
1117 3802 1282 3888 ejus
1301 3807 1750 3888 potestatem
1783 3802 2399 3889 dominatumque
2413 3809 2757 3870 vereatur
2778 3808 2855 3869 et
2879 3803 3125 3869 colat.¹

2112 3910 2218 3963 Leo
2243 3909 2442 3972 XIII..
2470 3910 2672 3977 Encyc.
2702 3910 2963 3963 Libertas.

1896 4047 2153 4096 XXVII.

970 4152 1092 4220 No
1126 4159 1520 4240 argument
1571 4153 1870 4241 against
1903 4154 2032 4222 the
2083 4153 2454 4240 necessity
2486 4152 2567 4220 of
2600 4107 2954 4221 ⁸external
2986 4173 3125 4220 wc]

875 4260 1051 4346 ship
1086 4281 1225 4328 can
1256 4262 1346 4328 be
1379 4261 1720 4329 deduced
1752 4262 1943 4330 from
1980 4261 2182 4330 John
2214 4262 2379 4347 IV.,
2422 4265 2667 4329 21-24.

1874 4439 2165 4488 xxvn1.

972 4546 1061 4612 In
1126 4545 1323 4632 spite
1368 4545 1450 4613 of
1513 4546 1797 4613 certain
1861 4547 2455 4634 exaggerationS‚
2514 4546 2645 4615 the
2714 4547 3029 4615 number
3091 4567 3125 4616 o
