3125 5317
881 561 902 622 8

291 753 498 840 aliquando
515 749 719 819 secundum
736 770 972 837 progressum
987 752 1167 819 scientiae
1184 772 1314 819 sensus
1331 752 1495 821 tribuen-

291 865 364 931 dus
381 862 432 930 sit
448 861 547 929 alius
564 860 682 943 abeo,
700 880 811 945 quem
826 858 1018 927 intellexit
1035 867 1073 928 et
1090 860 1273 948 intelligit
1289 862 1489 930 Ecclesia.¹

834 1004 952 1051 XVIII.

338 1116 361 1182 J
365 1114 492 1181 udicio
509 1110 708 1179 infallibili
725 1110 895 1178 Ecclesia
908 1112 1055 1195 statuit,
1071 1112 1243 1178 ‹lansenii
1260 1112 1411 1195 librum,
1429 1114 1492 1199 qui

291 1223 512 1291 inscribitur
536 1220 786 1307 Augustinus,
808 1239 919 1286 sensu
943 1220 990 1287 ab
1019 1227 1170 1287 auctore
1195 1220 1342 1288 intento
1371 1221 1412 1288 id
1439 1228 1495 1289 est

292 1332 458 1401 naturali
484 1331 678 1426 verborum
707 1349 815 1394 sensu
848 1329 914 1414 qui
945 1329 1106 1415 juridice
1132 1349 1261 1395 sensus
1278 1330 1325 1395 ab
1342 1336 1493 1397 arrctore

292 1444 462 1509 intentus
491 1439 662 1521 habetur,
696 1438 865 1523 quinque
891 1438 977 1503 illos
1005 1438 1368 1521 errores'contineri,
1400 1458 1493 1524 quos

292 1549 457 1618 Ecclesia
476 1548 513 1613 in
531 1568 575 1614 eo
591 1553 789 1613 contentos
806 1546 1079 1612 condemnavit.

850 1690 930 1737 xla.

341 1782 534 1853 “Omnino
552 1781 751 1847 dicendum
771 1788 838 1862 est,
860 1799 933 1845 uon
951 1800 1058 1864 posse
1075 1800 1196 1847 errare
1214 1780 1436 1848 Pontificem
1453 1780 1490 1846 in

291 1892 562 1994 approbatione
579 1888 773 1975 religionis
790 1888 914 1974 quoad
928 1888 1046 1973 judici
1054 1910 1112 1954 um
1131 1889 1177 1955 de
1191 1889 1387 1956 honestate
1403 1888 1493 1955 talis

292 2003 394 2071 modi
410 1999 572 2081 vivendi,
597 2005 638 2063 nt
663 1997 714 2063 sit
738 2003 861 2063 status
887 1996 1128 2082 perfectionis
1153 1998 1404 2083 acquirendae
1429 2018 1491 2063 seu

291 2110 506 2198 religionis;
532 2106 720 2193 quidquid
739 2106 790 2171 sit
814 2105 861 2171 de
886 2106 1156 2189 approbatione
1173 2106 1339 2191 practica
1365 2105 1491 2192 quoad

292 2218 481 2288 licentiam
516 2223 553 2283 et
581 2215 801 2281 facultatem
835 2214 1098 2280 introducendi
1124 2215 1170 2280 de
1197 2234 1291 2281 novo
1324 2214 1490 2299 aliquam

292 2329 507 2414 religionem
534 2329 571 2390 et
595 2323 720 2409 quoad
743 2321 929 2408 J'udicinm
954 2321 1203 2406 prudentiale,
1232 2322 1271 2387 in
1296 2343 1371 2408 quo
1404 2323 1493 2390 talis

292 2435 479 2505 concessio
496 2431 744 2499 fundatur.”²
790 2456 792 2461 ’

859 2541 923 2587 xx.

338 2638 429 2706 Cum
448 2631 636 2703 sententia
649 2629 835 2699 communi
849 2638 887 2697 et
897 2631 1210 2697 certatenendum
1222 2636 1288 2715 est,
1303 2630 1489 2717 judicium

293 2747 468 2814 ultimum
497 2748 535 2809 et
566 2739 802 2807 definitivum
836 2760 910 2824 quo
937 2739 1104 2805 Ecclesia
1130 2739 1292 2825 aliquem
1320 2740 1366 2807 ob
1391 2740 1490 2806 vitae

291 2856 531 2923 sanctitatem
549 2849 647 2916 iuter
664 2848 815 2915 coelites
840 2853 1028 2932 receptum
1046 2848 1164 2915 inisse
1187 2848 1355 2915 declarat
1377 2854 1490 2935 atque

292 2964 465 3033 omnibus
502 2959 676 3025 fidelibus
708 2956 904 3044 colendum
938 2964 976 3022 et
1007 2956 1256 3022 invocandum
1297 2958 1485 3042 proponit,

291 3071 407 3141 errori
424 3090 497 3137 non
514 3088 594 3135 esse
610 3064 830 3134 obnoxium

847 3192 929 3239 xxi.

338 3287 506 3356 Ecclesia
522 3307 544 3352 a
561 3283 712 3352 Christo
739 3282 901 3357 Domino
928 3283 983 3348 ita
999 3282 1075 3348 fuit
1097 3282 1314 3363 constituta,
1336 3288 1380 3350 ut
1406 3283 1490 3350 finis

292 3400 326 3466 ei
344 3398 396 3465 sit
421 3394 596 3481 proprius
624 3398 737 3477 atque
763 3392 971 3475 completus
988 3397 1025 3457 et
1042 3396 1208 3475 potestas
1225 3391 1258 3457 ei
1279 3392 1418 3459 collata
1443 3392 1489 3459 ad

292 3510 399 3575 finem
420 3506 527 3570 illum
553 3501 797 3569 obtinendum
824 3500 1008 3565 sufficiens
1026 3519 1068 3565 ac
1086 3500 1304 3584 necessaria,
1326 3520 1393 3585 per
1409 3522 1488 3587 pro-

293 3617 395 3703 prios
415 3612 662 3699 magistratus
688 3608 905 3675 exercenda.
958 3606 1121 3675 Proinde
1149 3608 1316 3675 Ecclesia
1344 3608 1485 3677 Christi

292 3731 350 3792 est
366 3722 526 3790 societas
542 3718 720 3805 perfecta.

841 3826 941 3874 xxm.

339 3922 505 3991 Ecclesia
522 3920 709 3987 catholica
724 3920 808 4004 jure
825 3917 954 3983 divino
972 3919 1090 4002 pollet
1108 3923 1294 4002 potestate
1310 3918 1485 4004 indepen-

291 4033 400 4121 deuti
414 4029 560 4097 ferendi
576 4029 676 4113 leges
695 4033 773 4093 tum
792 4027 838 4092 de
854 4025 927 4092 fide
940 4033 978 4092 et
991 4027 1167 4107 moribus,
1182 4032 1261 4092 tum
1276 4027 1322 4094 de
1335 4034 1487 4094 externa

292 4139 547 4211 ecclesiastica
563 4136 779 4221 disciplina.
947 4120 954 4135 ’

830 4262 946 4309 xxrrr.

339 4360 461 4439 Quare
488 4353 620 4421 merito
646 4352 738 4419 Pius
764 4352 820 4417 IX
846 4353 885 4418 in
912 4351 1069 4420 concilio
1087 4352 1273 4420 Vaticano
1297 4354 1490 4420 damnavit

293 4466 517 4535 sententiam
535 4463 697 4544 illorum,
715 4461 780 4546 qui
799 4461 1037 4540 contendant,
1064 4468 1086 4497 “
1098 4481 1195 4546 quae
1207 4462 1254 4527 ab
1272 4462 1487 4546 Apostolica

295 4578 388 4644 Sede
416 4576 474 4641 vel
500 4574 582 4659 ejus
607 4570 834 4637 auctoritate
861 4570 906 4635 ad
938 4570 1101 4653 regimen
1135 4569 1323 4637 Ecclesiae
1354 4570 1487 4639 consti·

293 4688 428 4699 ,-

364 4718 423 4776 1οί
440 4716 518 4765 (lonc.
543 4714 599 4764 l’at.
617 4714 703 4763 (amu.
722 4712 756 4768 Ῑ.,
773 4714 837 4777 (lap.
854 4712 905 4771 JV.

364 4802 489 4860 ²Sacrc2,
502 4800 534 4849 dc
547 4800 626 4849 Statu
642 4798 762 4859 rellpwnc
775 4797 816 4848 II.
834 4798 872 4847 17.
