3125 5317
634 673 675 738 13

89 857 128 926 ed
151 852 451 941 conjunctionem
482 854 890 942 congregationemque
922 854 1117 924 hominnm
1150 875 1233 926 1111·
1285 947 1288 953 ¹

88 988 217 1050 teretur
232 999 316 1046 cum
333 979 602 1061 domesticam,
624 987 701 1048 tum
719 980 833 1047 etiam
851 980 1012 1064 civilem,
1033 1000 1131 1068 quae
1147 1003 1233 1070 sup·

87 1108 243 1196 peditare
273 1107 375 1173 oilae
407 1104 679 1192 sufficientiam
696 1108 908 1192 perfectam
935 1107 1016 1174 sola
1039 1110 1234 1194 potest.”1

87 1235 236 1303 Erronee
251 1231 375 1318 igitur
390 1232 524 1316 elapso
538 1232 756 1317 praesertim
770 1232 895 1299 seculo
906 1238 1047 1300 statum
1059 1234 1234 1304 socialem

86 1369 120 1428 nt
133 1379 230 1426 mere
246 1357 577 1426 conventionalem
596 1362 852 1442 opposuerunt
876 1357 996 1425 stetui
1013 1364 1182 1430 naturae.

608 1535 703 1584 xun.

127 1643 351 1724 “Quoniam
381 1662 470 1709 vero
497 1661 572 1708 non
597 1647 722 1728 potest
738 1643 818 1710 ulla
842 1643 1001 1713 societas
1018 1647 1232 1733 consistere,

88 1769 199 1837 nisisi
219 1767 550 1856 aliquisomnibus
561 1768 712 1853 praesit,
729 1767 867 1835 efficaci
881 1769 1072 1857 similique
1083 1791 1235 1840 movens

87 1895 246 1982 singulos
262 1893 315 1960 ad
333 1912 529 1961 commune
544 1892 778 1978 propositum
804 1893 1041 1979 impulsione,
1061 1895 1231 1982 eflicitur,

88 2021 179 2088 cirili
195 2019 398 2088 hominum
417 2017 679 2085 communitati
704 2019 952 2086 necessariam
977 2041 1057 2090 esse
1073 2025 1233 2092 auctori·

89 2157 193 2214 tatem
205 2165 284 2233 qna
298 2150 475 2231 regatur:
501 2163 608 2230 quae,
625 2163 699 2210 non
711 2164 869 2212 securae
883 2145 1052 2232 societas,
1067 2156 1236 2217 enatura

88 2278 355 2360 proptereaque
371 2290 394 2338 a
412 2269 490 2336 Deo
508 2269 590 2354 ipso
606 2268 751 2336 oriatur
767 2270 959 2338 anctore.’'
976 2272 991 2322 1

598 2430 711 2479 xum.

124 2541 196 2609 1111
212 2539 346 2607 omnia
362 2559 460 2625 quae
476 2537 586 2605 civile
602 2544 640 2604 et
664 2537 861 2624 politicum
887 2559 1005 2625 genus
1021 2544 1233 2628 complecti-

91 2675 153 2750 tur,
173 2665 283 2733 cirili
301 2662 522 2732 auctoritati
541 2668 630 2729 111111
646 2663 827 2750 subjecta,
845 2684 918 2732 non
935 2666 1056 2733 solum
1073 2667 1105 2733 si
1123 2669 1237 2754 perti-

90 2799 193 2860 neant
208 2795 260 2859 ad
279 2789 450 2859 ordinem
470 2788 713 2874 materialem,
735 2791 994 2858 verumetiam
1018 2791 1050 2858 si
1075 2794 1236 2879 pertine-

91 2925 147 2986 ant
163 2918 213 2986 ad
229 2917 403 2984 ordinem
421 2915 716 2982 intellectualem
732 2920 771 2983 et
795 2917 983 2985 moralem.

605 3091 712 3142 XLIV.

129 3203 165 3270 Is
196 3209 255 3270 est
287 3200 478 3268 Ecclesiae
510 3198 607 3284 finis,
637 3220 680 3267 ee
707 3205 976 3288 potestasque
1009 3201 1163 3290 regitur,
1193 3209 1238 3273 nt

93 3328 276 3396 societatis
292 3325 481 3412 perfectae
498 3325 651 3393 dotibus
669 3326 877 3394 necessario
894 3328 1047 3412 polleat.

614 3503 704 3552 xnv.

131 3613 346 3700 Subiectum
379 3609 580 3695 potestatis
598 3609 787 3678 Ecclesiae
826 3630 916 3679 suae
947 3610 1122 3680 Christus
1153 3632 1228 3682 non

95 3738 204 3806 voluit
219 3757 300 3805 esse
317 3736 533 3802 universum
552 3735 720 3802 fidelium
738 3740 897 3818 coetum,
913 3755 1020 3822 aquo
1037 3736 1106 3805 1111
1119 3739 1234 3808 certis

98 3863 271 3930 ministris
311 3860 558 3947 delegaretur,
595 3860 660 3929 sed
700 3881 783 3928 eam
824 3860 1040 3930 immediate
1072 3865 1236 3933 eontulit

99 3987 196 4056 Petro
213 3985 425 4072 ceterisque
440 3985 635 4071 Apostolis
652 4007 695 4055 ea
716 3987 796 4073 lege
811 3991 857 4053 ut
873 3986 920 4053 ab
937 3987 1033 4070 ipsis
1052 3989 1091 4055 in
1108 4009 1236 4058 eorum

99 4132 313 4182 successores
328 4116 611 4198 propagaretur.

605 4273 714 4321 van

136 4384 215 4452 Sola
238 4382 411 4451 Ecclesia
425 4383 488 4468 jus
511 4381 626 4449 habet
645 4380 842 4450 statuendi
859 4381 1131 4468 impedimenta
1147 4384 1235 4455 fide-

101 4510 177 4578 lium
192 4508 480 4578 matrimonium
503 4507 732 4575 dirimentia.

128 4683 483 4754 *marmana
