3125 5317
663 548 683 609 9

68 722 241 803 tuantur,
278 720 356 786 vim
389 740 433 787 ac
464 720 628 787 valorem
668 740 743 786 non
784 720 931 805 habere,
968 720 1041 788 nisi
1073 722 1273 807 potestatis

69 828 274 895 saecularis
291 828 435 914 placito
452 828 781 896 confirmentur.”¹

615 972 727 1019 xxiv.

114 1060 284 1130 Ecclesia
310 1062 436 1144 habet,
457 1064 540 1149 jure
557 1062 698 1145 divino,
718 1068 943 1148 potestatem
971 1064 1207 1131 coercitivam
1234 1066 1273 1131 in

72 1168 150 1237 foro
166 1176 337 1238 externo.

625 1280 718 1327 xxv.

115 1369 285 1437 Ecclesia
301 1392 350 1437 ex
366 1370 609 1438 institutione
634 1390 701 1436 sua
719 1375 757 1437 et
773 1370 895 1437 divini
912 1370 1128 1439 fundatoris
1144 1375 1272 1441 volun-

73 1485 149 1545 tate
173 1480 237 1566 jus
254 1479 371 1546 habet
395 1479 493 1546 bona
510 1478 743 1563 temporalia,
764 1478 843 1545 sive
864 1479 1030 1563 mobilia,
1052 1480 1130 1549 sive
1146 1482 1273 1550 immo-

75 1586 178 1670 bilia,
200 1587 425 1674 acquirendi
442 1593 480 1655 et
495 1586 715 1672 possidendi
733 1586 847 1653 titulo
864 1588 1117 1673 proprietatis.

618 1730 729 1777 xxvr.

117 1820 356 1906 Quapropter
402 1820 569 1907 injustae
616 1841 658 1887 ac
698 1820 902 1905 sacrilegae
943 1820 1182 1907 spoliationis
1219 1845 1274 1891 ar-

74 1930 244 2014 guendae
261 1935 352 1996 sunt
369 1930 480 2014 leges
502 1928 640 2014 quibus
658 1934 781 1995 status
799 1928 979 2013 politicus
1000 1931 1098 1997 bona
1117 1930 1274 2000 Ecclesi-

75 2038 191 2104 astica
208 2038 315 2105 haud
332 2038 446 2105 semel
465 2036 538 2103 sibi
556 2036 766 2122 usurpavit,
785 2038 843 2104 vel
862 2036 1065 2105 Ecclesiam
1083 2040 1166 2126 jure
1179 2062 1275 2109 nova¹

74 2146 293 2233 acquirendi
311 2145 488 2231 privavit.

534 2283 539 2291 -
610 2255 739 2303 xxvn.

118 2346 211 2413 Jure
242 2345 452 2431 meritoque
484 2351 669 2412 statutum
703 2351 770 2428 est,
802 2351 845 2413 ut
881 2346 950 2412 “si
989 2368 1085 2433 quae
1117 2350 1276 2417 societas

74 2454 340 2521 Ecclesiastica
357 2453 404 2520 ab
421 2452 637 2521 obedientia
655 2453 843 2521 Ecclesiae
860 2454 989 2521 debita
1009 2457 1202 2525 secesserit
1217 2460 1274 2526 vel

73 2586 95 2631 a
115 2563 190 2630 fide
215 2561 415 2631 Catholica
440 2560 682 2647 apostaverit,
713 2562 818 2628 nullo
845 2583 1010 2648 unquam
1037 2564 1153 2633 titulo
1177 2566 1275 2635 bona

74 2670 340 2739 Ecclesiastica
366 2690 526 2756 quorum
560 2669 665 2754 prius
697 2670 907 2737 dominium
939 2671 1085 2757 habuit,
1116 2674 1189 2741 sibi
1221 2696 1273 2742 re-

72 2782 233 2848 clamare
246 2778 416 2866 legitime
431 2778 613 2864 possit.'’²

601 2904 748 2951 xxv111.

119 2996 277 3077 “Quam
300 3016 432 3081 parum
462 2994 704 3079 nragistratni
721 2994 824 3060 civili
853 2994 942 3062 licet
966 2996 1155 3065 Ecclesiae
1171 3020 1274 3085 prae·

70 3106 232 3174 scribere
249 3125 347 3191 quae
364 3104 498 3169 doceat
515 3108 582 3168 aut
599 3123 674 3187 quo
687 3102 759 3168 rite
776 3104 876 3170 colat
893 3103 1026 3189 Deum,
1048 3112 1125 3172 tam
1143 3129 1273 3192 purum

70 3215 103 3281 ei
133 3218 274 3281 certam
303 3212 486 3278 rationem
506 3230 658 3276 suarum
686 3210 911 3277 facultatum
939 3214 1190 3282 curandarum
1220 3218 1274 3283 in-

69 3325 226 3409 J’ungere
242 3326 379 3407 potest,
402 3339 498 3404 quae
526 3324 710 3403 repugnet
735 3320 819 3405 ejus
843 3319 1035 3389 institutis
1062 3328 1100 3388 et
1117 3326 1164 3390 ab
1194 3326 1273 3393 illis

69 3431 190 3517 petita
207 3430 270 3513 sit,
291 3428 359 3515 qui
375 3429 458 3514 ejus
475 3426 738 3493 auctoritatem
756 3429 1024 3515 rejecerunt.’'³

618 3570 730 3617 xxrx.

116 3664 313 3731 Romanus
346 3659 527 3728 Pontifex
563 3662 625 3745 J'ua
657 3661 850 3745 proprium
891 3660 1007 3729 habet
1048 3665 1275 3749 providendi

72 3771 362 3840 necessitatibus
386 3767 507 3854 plebis
533 3768 773 3835 Christianae
790 3788 857 3853 per
882 3769 1101 3839 electionem
1120 3774 1271 3861 Episco-

72 3902 213 3967 pornm,
234 3880 314 3947 sive
342 3878 483 3945 directe
512 3877 679 3943 nominet
707 3878 989 3963 promovendos
1021 3881 1099 3949 sive
1128 3887 1277 3971 regulas

76 3994 217 4057 statuat
232 3988 373 4075 quibus
390 3987 457 4053 fiat
473 3986 616 4052 electio.

608 4117 619 4139 ·
648 4113 743 4160 xxx.

123 4205 296 4292 Episcopi
313 4204 456 4271 habent
471 4202 655 4271 aChristo
669 4202 832 4269 Domino
849 4224 955 4271 airam
973 4206 1276 4292 jurisdictionem

81 4314 260 4382 mediante
280 4314 450 4380 Romano
469 4312 661 4394 Pontifice,
684 4312 750 4397 qui
777 4318 903 4397 potest
928 4313 1034 4381 illam
1052 4320 1277 4408 restringere

78 4444 142 4508 per
155 4422 434 4491 reservationes

144 4566 265 4619 ¹Goaciit.
280 4565 381 4616 Pastor
391 4568 525 4614 aeternvm
544 4564 610 4627 Cap.
625 4562 684 4613 III.

143 4650 232 4702 'Um
247 4648 323 4700 Pleu.
341 4647 406 4699 Ball
421 4645 491 4705 HL,
509 4646 562 4698 To.
577 4646 644 4705 IX„
660 4648 718 4698 aad.

144 4732 234 4787 'Um
246 4732 324 4785 Pan.
337 4730 403 4783 Bau
414 4728 468 4791 IL,
482 4729 590 4782 Limes
602 4729 770 4783 Pastorem.

1225 4544 1272 4552 ...-
