3125 5317
545 1033 861 1151 THESES.

690 1253 717 1300 1.

165 1407 309 1477 Contra
326 1408 632 1476 Naturalismum
650 1415 689 1477 et
705 1409 1024 1478 Rationalismum
1046 1411 1280 1480 moderatum

120 1534 329 1601 tenendum
355 1541 415 1602 est
435 1534 552 1602 “fieri
576 1555 683 1620 posse
704 1541 744 1602 et
768 1535 957 1621 expedire,
983 1541 1028 1604 ut
1052 1557 1120 1622 per
1143 1538 1279 1605 revela·

123 1659 263 1727 tionem
290 1659 463 1728 divinam
490 1659 601 1728 homo
626 1659 674 1727 de
697 1661 777 1729 Deo
804 1662 984 1749 cultuque
1007 1662 1043 1730 ei
1067 1663 1280 1731 exhibendo

122 1785 391 1852 edoceatur.”1

680 1897 723 1945 11.

174 2036 377 2104 “Divinae
402 2037 621 2105 revelationi
646 2037 888 2105 tribuendum
905 2045 972 2123 est,
993 2046 1037 2107 ut
1052 2060 1107 2124 ea,
1127 2041 1280 2126 quaein

122 2163 236 2228 rebns
265 2162 408 2229 divinis
440 2163 625 2229 humanae
653 2163 796 2229 rationi
826 2183 893 2248 per
923 2185 962 2231 se
994 2165 1175 2250 impervia
1207 2184 1280 2232 non

123 2295 224 2370 sunt,
258 2288 298 2353 in
322 2287 511 2372 praesenti
537 2305 686 2374 quoque
709 2288 856 2372 generis
883 2287 1040 2355 humani
1066 2289 1282 2357 conditione

125 2412 172 2478 ab
187 2411 369 2478 omnibus
385 2411 571 2498 expedite,
585 2413 693 2479 firma
703 2412 930 2480 certitudine
940 2419 979 2480 et
990 2413 1096 2481 nullo
1109 2414 1281 2482 admixto

124 2559 251 2604 errore
286 2538 460 2624 cognosci
492 2537 702 2623 possint,’'2
736 2539 835 2606 unde
866 2540 1046 2607 revelatio
1078 2541 1279 2608 veritatum

126 2663 274 2730 ordinis
291 2663 479 2731 naturalis
494 2662 685 2731 moraliter
701 2663 911 2732 necessaria
925 2670 993 2731 est.

674 2876 734 2924 111.

172 2999 352 3086 Mysterii
382 3000 443 3066 SS.
471 2998 670 3067 Trinitatis
695 3000 803 3068 nulla
830 3001 945 3068 datur
975 3002 1281 3070 “demonstratio

129 3125 405 3211 speculativa,”
442 3143 553 3211 quam
586 3145 669 3192 cum
705 3125 933 3210 Raymundo
973 3127 1084 3193 Lullo
1124 3127 1279 3214 quidam

130 3251 334 3324 linxerunt.
367 3270 486 3336 neque
519 3249 788 3336 “speculativa
819 3250 1019 3337 cogniti0’'
1056 3251 1135 3334 illa,
1167 3271 1280 3339 quam

131 3375 305 3444 Giinther
321 3397 345 3442 a
365 3381 588 3460 “progressu
600 3375 779 3442 scientiae
794 3374 1023 3443 hodiernae”
1040 3375 1279 3462 repetendam

132 3502 303 3586 assernit,
320 3502 387 3569 sed
399 3501 632 3568 verissimum
649 3506 776 3568 manet
792 3500 890 3569 illud
909 3501 943 3568 S.
964 3501 1148 3570 Thomae:
1180 3503 1280 3583 “Qui

133 3629 286 3714 probare
300 3627 439 3694 nititur
451 3626 671 3694 Trinitatem
684 3646 926 3712 personarum
941 3628 1107 3696 naturali
1121 3628 1277 3712 ratione,

136 3755 219 3821 fidei
235 3753 457 3839 derogat.'’³

674 3879 729 3928 iv.

178 4004 285 4072 Licet
299 4025 386 4071 vero
402 4004 500 4072 ratio
516 4003 586 4071 hoc
608 4005 828 4090 mysterium
854 4023 1045 4090 nunqnam
1071 4005 1281 4091 perspicere

137 4129 252 4215 possit
277 4129 399 4196 instar
420 4129 620 4196 veritatum
645 4147 741 4215 quae
763 4127 958 4213 proprium
986 4129 1068 4215 ejus
1092 4130 1280 4216 objectum

171 4343 177 4365 ¹
188 4337 282 4391 cono.
292 4337 364 4390 Vat
378 4337 481 4390 Oonst
496 4337 552 4390 Det
563 4337 667 4392 lilios.

170 4419 266 4474 ’ibid
280 4435 348 4488 esp.
362 4420 401 4474 IL

170 4505 202 4558 ¹1
212 4520 243 4573 q.
257 4505 301 4558 32.
315 4504 377 4558 al.
