3125 5317
861 585 905 651 10

824 784 942 836 XXIII.

361 928 467 995 Licet
482 931 699 994 contractus
716 927 791 992 vim
809 926 948 993 habeat
963 948 1010 993 ex
1035 928 1118 1015 jure
1136 928 1313 1013 naturali,
1334 933 1461 996 tamen

311 1054 518 1141 subjicitur
550 1052 769 1120 auctoritati
808 1058 888 1119 tum
921 1054 1195 1121 ecclesiasticae
1227 1060 1307 1122 tum
1340 1054 1459 1139 civili,

310 1200 509 1268 quaecum
528 1177 631 1246 vario
646 1178 766 1264 gradu
786 1177 935 1245 irritare
952 1185 1120 1264 possunt.

828 1371 939 1419 XXIV.

356 1500 580 1568 Contractus
597 1498 698 1563 dere
715 1496 818 1581 turpi
846 1496 900 1563 ita
925 1502 983 1564 est
1009 1497 1147 1582 nullus,
1168 1504 1212 1565 ut
1235 1505 1323 1566 ante
1339 1501 1463 1585 partis

310 1627 435 1712 turpis
451 1624 721 1706 executionem,
742 1622 848 1689 nulla
866 1622 1016 1708 quidem
1035 1622 1086 1689 sit
1102 1624 1285 1711 obligatio
1300 1648 1309 1709 3
1335 1630 1462 1693 tamen

309 1759 396 1839 post
412 1749 669 1818 executionem
697 1748 842 1814 oriatur
867 1747 1050 1833 obligatio
1076 1750 1294 1833 praestandi
1312 1758 1460 1837 partem

310 1879 516 1946 honestam.

834 1983 928 2030 xxv,

356 2111 546 2183 Immerito
563 2108 731 2176 moderni
748 2108 1019 2175 oeconomistae
1044 2109 1253 2176 doctrinam
1281 2110 1463 2198 rejiciunt

310 2236 586 2304 moralistarum
613 2233 659 2300 de
683 2234 786 2320 justo
804 2232 924 2318 pretio
949 2232 989 2298 in
1015 2234 1371 2303 commutationibus
1396 2238 1460 2303 ob-

311 2361 505 2430 servando.

829 2468 939 2517 xxvr.

358 2612 610 2699 “Virginitas
641 2630 715 2677 non
747 2616 806 2677 est
837 2610 985 2697 aliquid
1018 2611 1195 2678 vitiosum
1229 2612 1294 2679 scd
1328 2614 1461 2698 potius

307 2737 569 2806 laudabile’'1
610 2756 694 2803 cum
742 2736 791 2802 ad
831 2735 1043 2802 divinorum
1098 2738 1461 2824 contemplationem

307 2865 472 2933 maxime
488 2863 680 2931 conferat:
719 2862 863 2928 nullius
889 2868 1014 2929 autem
1043 2863 1220 2930 momenti
1251 2870 1344 2931 sunt
1360 2885 1462 2952 quae

305 2991 538 3077 nuperimme
554 2990 733 3057 adversus
750 2987 985 3073 virginitatis
1002 2994 1142 3055 statum
1155 2990 1351 3074 proposuit
1365 2992 1459 3059 Her-

307 3118 435 3184 bertus
453 3117 623 3201 Spcncer.
638 3117 655 3165 2

811 3223 940 3271 xxvu.

351 3365 575 3452 Legatorum
592 3365 696 3449 origo
712 3364 915 3448 repetenda
931 3369 1048 3430 estex
1064 3371 1250 3449 potestate
1261 3366 1458 3435 ordinaria

306 3497 344 3558 ct
361 3491 580 3557 immediata
596 3487 800 3574 cademque
816 3488 1022 3573 episcopali
1040 3509 1152 3574 qnam
1180 3489 1294 3557 habet
1320 3491 1460 3559 Roma-

305 3636 378 3682 nus
411 3613 603 3697 Pontifex,
632 3622 712 3681 tum
744 3614 784 3679 in
818 3614 1023 3681 Ecclesiam
1057 3614 1269 3682 universam
1300 3622 1381 3683 tum
1416 3617 1458 3685 in

303 3741 473 3826 singulos
489 3740 695 3825 episcopos.
748 3740 793 3805 ld
810 3740 1019 3807 luculenter
1045 3760 1194 3825 quoquc
1213 3741 1459 3811 confirmatur

306 3888 353 3933 cx
383 3865 545 3932 historia
584 3884 681 3950 quae
720 3869 892 3945 testatur,
930 3864 1121 3932 Romanos
1150 3865 1355 3934 Pontifices
1387 3890 1458 3954 pro

305 3990 421 4057 variis
437 3988 625 4056 Ecclesiae
642 3986 929 4054 necessitatibus
947 3988 1025 4083 sive
1042 3990 1157 4057 relate
1182 3990 1229 4057 ad
1247 3991 1358 4059 fidem
1377 3994 1459 4061 sire

305 4115 422 4181 relate
439 4114 487 4180 ad
505 4132 624 4178 mores
651 4118 689 4177 et
712 4110 1003 4179 ecclesiasticam
1033 4114 1288 4201 disciplinam,
1310 4118 1458 4205 legatos

305 4240 344 4306 in
360 4238 551 4325 quaslibet
566 4235 774 4305 Christiani
793 4236 894 4303 orbis
910 4245 1036 4319 partes
1053 4239 1209 4308 misisse.

305 4336 358 4341 -.
400 4334 647 4341 -.——---———-
694 4334 701 4338 -
718 4334 1079 4343 ———---——.—...

339 4385 346 4408 ¹
358 4381 386 4433 S.
400 4380 525 4431 Tacatua
536 4383 560 4430 2.
574 4382 599 4443 2,
612 4393 641 4444 q.
655 4380 712 4429 152.
726 4392 753 4429 a.
767 4381 793 4429 2.

338 4480 417 4532 'rue
428 4479 529 4532 &llice
539 4478 574 4545 of
580 4476 754 4530 Inclividuol
764 4478 836 4545 Istic,
851 4492 876 4531 c.
891 4481 915 4531 8.
