3125 5317
822 541 842 606 6

798 715 848 767 lx.

280 807 502 881 Revelation
524 815 599 882 and
626 815 774 882 Reason
800 816 940 901 impert
957 837 979 882 a
995 790 1138 883 certain
1155 810 1375 898 knowledge
1392 809 1433 878 of

234 914 299 982 the
326 918 503 1005 Supremo
531 923 661 1010 Being,
694 923 788 1008 who,
818 924 964 1010 though
994 921 1364 1009 incomprehensible,
1398 919 1432 984 is

212 1022 416 1201 Ιῖ11θεθ1ξοὲθ
432 1029 628 1099 knovrable
644 1032 718 1099 and
737 1053 823 1120 may
840 1033 885 1100 be
903 1031 967 1100 the
983 1031 1161 1119 objectos
1177 1052 1199 1098 a
1214 1028 1432 1097 reasonable

231 1151 326 1202 wors
355 1135 406 1222 ip.

808 1231 844 1286 X.

277 1325 394 1396 There
410 1330 443 1397 is
459 1352 507 1400 no
524 1333 801 1401 contradiction
818 1336 983 1401 between
999 1333 1064 1401 the
1082 1333 1244 1400 Biblical
1273 1336 1434 1399 account

234 1433 274 1500 of
305 1436 369 1504 the
398 1439 590 1528 antiquity
618 1441 658 1508 of
688 1463 776 1510 man
802 1443 877 1510 and
905 1442 968 1512 the
997 1442 1200 1527 testimony
1217 1440 1257 1507 of
1282 1439 1433 1508 ancient

233 1543 389 1627 profane
406 1547 626 1617 documenta
642 1550 682 1618 of
705 1571 728 1617 a
744 1550 991 1636 trustworthy
1008 1551 1210 1618 character.

807 1675 857 1728 XI.

279 1769 839 1859 ConceptusEcclesiaeOhristi
851 1777 975 1846 nonin
989 1797 1031 1844 eo
1042 1781 1099 1844 θεῖ
1108 1783 1257 1844 tantum
1269 1774 1369 1862 quod
1381 1775 1433 1840 sit

233 1879 393 1948 societas
405 1884 582 1970 religiosa
592 1885 631 1951 in
642 1905 717 1972 qua
730 1886 899 1954 homines
912 1887 1021 1952 finem
1033 1905 1141 1952 suum
1155 1889 1432 1970 consequantur

235 1986 423 2071 ultimum,
444 2012 563 2079 neque
592 1994 801 2061 absolvitur
817 2015 859 2062 eo
888 1994 988 2081 quod
1005 2002 1063 2061 est
1090 1993 1249 2061 societas
1269 1992 1433 2078 positiva

236 2093 307 2162 Dei
324 2100 519 2168 voluntate
535 2110 573 2169 et
589 2123 611 2169 a
628 2101 707 2170 Deo
723 2102 886 2171 fundata
902 2123 945 2170 ac
962 2102 1148 2170 divinitus
1165 2101 1277 2168 certis
1293 2100 1432 2168 normis

234 2207 441 2276 constituta
451 2212 798 2298 praerogativisque
814 2220 937 2295 aucta,
951 2212 1017 2278 sed
1029 2210 1117 2278 iude
1129 2209 1292 2278 maxime
1302 2210 1431 2276 divina

233 2320 345 2382 estet
361 2316 504 2386 Christi
528 2319 706 2404 Ecclesia,
727 2320 818 2406 quia
835 2320 874 2387 in
891 2318 1149 2387 Deo-Homine
1165 2319 1337 2402 lundata,
1358 2319 1433 2404 ipsi

234 2420 483 2511 incorporata,
504 2428 552 2494 ab
569 2427 651 2514 ipso
668 2428 860 2496 vivificata
886 2427 1046 2514 ideoque
1071 2448 1178 2495 sensu
1199 2427 1350 2513 proprio
1375 2433 1434 2494 est

238 2534 493 2617 “mysterium
510 2536 615 2622 regui
633 2537 859 2620 coelorum,'’
886 2536 1140 2622 “mysterium
1155 2536 1258 2622 regni
1270 2535 1382 2603 Dei.’'

302 2657 388 2712 Mam.
403 2659 491 2723 XIII,
506 2663 546 2714 11.

302 2741 389 2804 Maec,
404 2743 425 2794 I
428 2744 457 2804 V,
473 2747 512 2797 11.

800 2811 865 2865 XII.

283 2909 397 2979 Ratio
408 2912 555 2998 Capitis
568 2912 719 2981 Christo
730 2913 893 2982 maxime
907 2913 1079 2980 convenit
1090 2912 1214 2998 quoad
1228 2912 1431 2980 Ecclesiam

234 3038 308 3085 non
325 3019 513 3106 dignitate
529 3028 677 3089 tantum
694 3042 736 3088 ac
753 3026 950 3107 potestate,
966 3022 1031 3089 sed
1042 3021 1151 3088 vitali
1165 3041 1312 3108 quoque
1323 3042 1432 3126 quem

235 3127 275 3192 in
292 3149 372 3194 eam
390 3136 538 3198 exercet
554 3131 713 3197 influxu.

790 3255 873 3308 XlII.

281 3353 455 3423 Christus
487 3357 543 3424 ita
574 3361 631 3424 est
663 3355 788 3441 Oaput
816 3356 1005 3423 Ecclesiae
1038 3363 1082 3423 ut
1108 3356 1201 3424 haec
1234 3356 1284 3423 sit
1311 3357 1433 3443 ipsius

236 3463 379 3549 Corpus
397 3464 612 3550 Mysticum,
634 3463 744 3532 modo
769 3465 954 3550 singulari
971 3484 1087 3551 eoque
1103 3485 1187 3532 vere
1211 3466 1433 3551 mysterioso

235 3573 308 3658 ipsi
326 3573 487 3640 unitum.

795 3664 872 3716 XIV.

281 3765 459 3833 intimam
477 3767 501 3833 J
503 3787 569 3834 esu
586 3765 730 3834 Christi
757 3787 841 3832 cum
864 3765 1031 3834 Ecclesia
1056 3786 1124 3833 sua
1141 3772 1434 3854 perpetuamque

234 3875 408 3942 unionem
427 3874 462 3940 S.
484 3874 627 3941 Paulus
643 3895 686 3941 eo
702 3894 851 3960 quoque
875 3875 1064 3958 praeclare
1081 3874 1199 3960 docet,
1226 3876 1324 3961 quod
1351 3897 1433 3943 eam

236 3983 441 4051 Salvatoris
459 3983 639 4068 Sponsam
656 4003 735 4050 esse
752 3983 930 4050 declarat.

803 4106 866 4160 XV.

281 4209 438 4276 Lutheri
455 4209 628 4276 doctrina
655 4214 803 4276 tautum
831 4209 937 4276 abest
961 4215 1006 4275 ut
1032 4209 1079 4276 ed
1097 4209 1300 4278 Ecclesiam
1318 4211 1432 4278 refor-

234 4318 410 4385 mandam
427 4318 636 4404 quidquam
654 4318 789 4400 valeat,
811 4323 855 4383 ut
871 4318 993 4403 ipsum
1012 4318 1126 4385 etiam
1144 4318 1331 4386 Ecclesiae
1348 4340 1432 4386 con·

234 4433 381 4514 ceptum
401 4427 582 4493 destruat.
