3125 5317
899 704 918 766 6

330 884 442 953 Petro
467 884 651 971 Apostolo
674 884 900 967 promissum
927 889 1040 970 atque
1065 883 1243 949 collatum
1272 903 1293 949 a
1324 880 1476 950 Christo

330 1010 490 1077 Domino
508 1009 685 1093 fuisse,’'1
711 1029 1004 1096 propugnamus.

882 1239 936 1287 VI.

369 1398 478 1478 Quod
495 1398 535 1464 in
553 1398 662 1466 beato
680 1398 792 1466 Petro
804 1397 979 1466 Christus
996 1396 1177 1480 instituit,
1193 1395 1233 1461 in
1250 1394 1471 1461 successori-

327 1524 398 1591 bus
422 1523 538 1608 Petri,
561 1525 718 1592 Sanctae
744 1524 937 1591 Romanae
963 1522 1069 1589 Sedis
1094 1520 1303 1607 Episcopis,
1332 1520 1477 1608 J'ugiter

327 1657 550 1734 perseverat.

874 1759 945 1807 v11.

376 1918 517 1999 “Papa
533 1919 649 1987 habet
665 1919 941 2005 plenitudinem
958 1918 1159 2004 potestatis
1175 1917 1215 1983 in
1232 1916 1399 1983 Ecclesia
1419 1917 1478 1983 ita

325 2044 471 2112 scilicet
486 2045 588 2131 quod
605 2064 861 2131 quaecumque
878 2050 967 2111 sunt
989 2043 1168 2111 instituta
1185 2063 1250 2129 per
1268 2042 1475 2109 Ecclesiam

324 2170 382 2237 vel
400 2170 587 2238 Ecclesiae
603 2172 792 2256 praelatos
809 2176 898 2238 sunt
914 2168 1187 2255 dispensabilia
1204 2190 1226 2235 a
1243 2168 1415 2251 Papar’a

868 2401 938 2449 VII.

368 2559 527 2627 Prorsus
551 2561 756 2647 rejicienda
781 2569 838 2628 est
863 2559 1048 2627 sententia
1074 2578 1211 2642 eorum,
1233 2558 1297 2644 qui
1325 2558 1373 2624 ad
1391 2558 1472 2624 vim

322 2685 445 2772 legum
463 2687 741 2772 pontificiarum
759 2686 961 2772 exigebant
977 2684 1314 2771 promulgationem
1329 2684 1368 2749 in
1386 2705 1473 2770 pro-

323 2812 459 2880 vinciis
475 2819 513 2881 et
529 2812 774 2881 dioecesibus.

878 2991 931 3039 1x.

367 3149 446 3217 Lex
461 3150 715 3217 ecclesiastica
730 3149 998 3235 obligationem
1020 3148 1196 3234 producit
1216 3148 1256 3213 in
1280 3149 1470 3215 conscien-

319 3275 395 3343 tia:
421 3275 589 3362 gravitas
605 3282 730 3342 autem
748 3274 992 3361 obligationis
1017 3274 1156 3359 pendet
1173 3273 1429 3341 essentialiter
1448 3296 1471 3341 a

317 3400 505 3487 gravitate
529 3400 707 3467 materiae
724 3406 762 3467 et
786 3399 1035 3487 aliquousque
1052 3399 1166 3467 etiam
1192 3400 1239 3467 ab
1256 3399 1473 3468 intentione

319 3526 536 3612 superioris.

884 3639 920 3685 x.

364 3796 440 3864 The
456 3796 602 3864 erosion
619 3797 670 3882 by
683 3797 747 3864 the
761 3796 930 3883 Niagara
947 3796 1062 3862 River
1079 3795 1119 3863 of
1136 3794 1199 3863 the
1216 3816 1327 3882 gorgo
1349 3797 1472 3865 below

318 3922 486 4005 Niagara
511 3922 614 3989 Ealls
640 3922 760 4008 began
787 3922 827 3987 in
853 3920 917 3988 the
941 3922 1079 4008 glacial
1104 3922 1234 4007 period
1260 3922 1377 3990 about
1401 3923 1471 3990 the

317 4048 408 4116 time
425 4047 465 4115 oi
480 4048 601 4114 man’s
618 4048 699 4114 first
715 4067 947 4133 appearance
964 4068 1012 4114 on
1034 4047 1097 4129 the
1123 4047 1247 4114 North
1265 4048 1470 4116 American

314 4172 517 4241 Continent
545 4194 587 4240 as
611 4173 813 4239 evidenced
845 4174 896 4258 by
921 4173 981 4240 his
1014 4172 1259 4258 palaeolithic
1284 4174 1464 4253 remains

316 4298 392 4366 The
417 4307 650 4384 escarpment
674 4305 714 4365 at
739 4298 961 4381 Queenston‚
983 4318 1070 4365 over
1093 4298 1213 4364 which
1242 4298 1306 4365 the
1330 4305 1469 4367 waters
1552 4273 1556 4282 ¹

317 4463 477 4470 ——-
505 4462 889 4469 -—-——-——-
919 4463 1018 4469 ..--—.
1034 4463 1123 4468 -.--.-

357 4526 465 4580 ’Oona
477 4525 662 4579 vendonsa
677 4526 782 4579 Pastor
790 4528 942 4593 retemta,
957 4542 979 4578 e.
995 4532 1021 4580 1.

357 4611 405 4665 ’8.
419 4610 560 4678 Thomas,
575 4609 686 4676 Quodl.
701 4613 725 4676 4,
740 4625 767 4664 a
783 4613 822 4663 13.
