3125 5317
736 600 758 665 7

723 800 761 846 X.

212 954 312 1025 Cura
343 976 555 1045 pauperum
596 958 752 1045 speciali
789 958 901 1026 modo
932 956 1097 1026 Ecclesia
1129 958 1326 1028 commissa

169 1089 247 1165 est3
282 1084 343 1150 cni
375 1083 534 1170 proinde
575 1084 755 1169 competit
786 1104 938 1169 operum
973 1083 1234 1153 misericordia
1265 1085 1321 1153 di-

171 1209 278 1275 rectio
303 1210 405 1295 apud
433 1210 575 1277 fideles.
642 1208 743 1276 Hinc
770 1207 1009 1295 iniquissime
1041 1209 1210 1277 moderni
1245 1210 1319 1277 Ra·

170 1334 386 1403 tionalistae
416 1336 660 1419 contendunt,
693 1333 969 1402 “auferendam
997 1354 1076 1403 esse
1104 1333 1251 1403 civibus
1281 1342 1321 1404 et

171 1459 355 1528 Ecclesiae
392 1461 616 1529 facultatem
654 1480 732 1547 qna
769 1460 1025 1546 eleemosynas
1072 1458 1314 1529 Christianae

170 1584 367 1653 charitatis
393 1607 507 1653 causa
535 1586 660 1672 palam
685 1606 836 1672 erogare
864 1564 1091 1654 valeant.'’'
1117 1580 1320 1673 -

714 1822 769 1869 Xl.

210 1977 306 2044 Snas
331 1998 421 2064 erga
446 1997 630 2063 pauperes
661 1977 777 2045 civile
805 1977 1028 2063 guberuium
1061 1978 1314 2064 obligationes

165 2102 303 2169 habet:
344 2103 456 2171 debet
480 2103 658 2170 nimirum
687 2102 843 2189 speciali
872 2123 961 2170 cura
990 2124 1197 2189 pauperum
1229 2104 1315 2191 jura

165 2233 383 2314 protegere3
417 2228 528 2296 debet
552 2228 676 2296 media
708 2228 888 2296 adhibere
916 2233 959 2296 ut
987 2228 1036 2296 ad
1064 2228 1242 2297 virtutem
1276 2233 1315 2296 et
1430 2228 1435 2241 '

163 2353 280 2419 bonos
295 2374 417 2421 mores
432 2353 692 2438 informentur,
713 2354 935 2440 largitiones
951 2353 1066 2422 etiam
1093 2353 1219 2422 facere·
1230 2353 1312 2441 qui-

164 2479 234 2545 bus
249 2479 426 2546 destituti
444 2485 726 2547 sustententur:
753 2486 794 2547 at
821 2500 896 2547 non
921 2484 1046 2566 potest
1072 2485 1193 2547 totum
1219 2499 1315 2547 onus

164 2605 404 2673 succurrendi
422 2605 653 2691 pauperibus
672 2605 712 2671 in
739 2625 777 2672 se
795 2604 993 2690 suscipere,
1014 2623 1216 2691 omnesque
1243 2605 1316 2671 lar-

163 2730 326 2816 gitiones
343 2731 417 2798 sibi
434 2731 650 2799 attribuere.

708 2842 781 2889 ΧΗ.

208 2998 454 3084 Eleemosyna
482 2999 608 3085 qualis
636 2999 683 3066 ab
712 2998 885 3066 Ecclesia
902 3000 1184 3066 commendatur
1208 3020 1256 3065 ex
1273 3019 1311 3065 se

163 3143 385 3209 magnopere
401 3124 555 3209 prodest
571 3130 650 3190 tum
663 3122 826 3209 privatis
838 3128 916 3190 tum
931 3122 1161 3208 reipublicae
1178 3147 1187 3206 ;
1212 3122 1310 3189 nulli
1435 3106 1436 3111 ἵ

162 3256 286 3315 autern
322 3248 580 3329 fundamento,
624 3254 774 3334 praeter
822 3247 1073 3316 accidentales
1124 3249 1306 3336 quosdam

162 3374 312 3452 abusus,
334 3374 488 3441 inititur
504 3374 660 3442 assertio
676 3394 803 3441 eorum
832 3373 899 3461 qui
925 3374 1158 3442 contendunt
1179 3375 1310 3442 elemo-

162 3521 292 3585 synam
309 3506 537 3567 nuceretum
561 3500 596 3567 ei
618 3500 685 3587 qui
713 3500 791 3584 dat,
820 3504 900 3567 tum
924 3499 958 3567 ei
976 3499 1043 3586 qui
1060 3499 1206 3585 recipit,
1228 3505 1309 3568 tum

162 3625 229 3691 toti
247 3623 434 3692 societati.

688 3734 777 3781 xm.

202 3873 448 3961 Iniquissime
465 3896 488 3941 a
505 3873 717 3941 Socialistis
740 3873 978 3959 capitalistae
999 3874 1250 3943 traducuntur
1266 3883 1310 3944 ut

156 3999 260 4066 fores
271 4005 312 4065 et
327 3999 481 4084 parasiti
514 4023 521 4066 :
549 3999 582 4065 si
599 4000 665 4085 qui
681 3999 779 4065 enim
799 4004 888 4067 sunt
904 4000 1134 4085 capitalismi
1153 4002 1303 4088 abusus,

155 4124 212 4191 illi
229 4125 418 4192 debentur
435 4145 509 4192 non
526 4130 682 4192 naturae
698 4124 764 4208 rei,
784 4126 850 4193 sed
867 4125 974 4193 vitiis
990 4126 1196 4195 hominum.

691 4319 775 4368 x1v.

196 4480 274 4549 Jus
294 4478 462 4565 eligendi
486 4478 626 4547 laboris
650 4479 839 4567 objectum
862 4484 900 4545 et
923 4481 1074 4548 modum
1101 4481 1306 4570 unicuique

178 4624 481 4821 aaa,
533 4639 659 4800 aa
723 4640 1195 4980 aga-m
