<?xml version="1.0" encoding="UTF-8"?>
<!DOCTYPE html PUBLIC "-//W3C//DTD XHTML 1.0 Transitional//EN"
    "http://www.w3.org/TR/xhtml1/DTD/xhtml1-transitional.dtd">
<html xmlns="http://www.w3.org/1999/xhtml" xml:lang="en" lang="en">
 <head>
  <title>
</title>
<meta http-equiv="Content-Type" content="text/html;charset=utf-8" />
  <meta name='ocr-system' content='tesseract 3.04.00' />
  <meta name='ocr-capabilities' content='ocr_page ocr_carea ocr_par ocr_line ocrx_word'/>
</head>
<body>
  <div class='ocr_page' id='page_1' title='image "./thesesadlicenti00amergoog_0159.png"; bbox 0 0 3125 5317; ppageno 0'>
   <div class='ocr_carea' id='block_1_1' title="bbox 684 621 725 684">
    <p class='ocr_par' dir='ltr' id='par_1_1' title="bbox 684 621 725 684">
     <span class='ocr_line' id='line_1_1' title="bbox 684 621 725 684; baseline 0 0"><span class='ocrx_word' id='word_1_1' title='bbox 684 621 725 684; x_wconf 93' lang='lat'><strong>11</strong></span> 
     </span>
    </p>
   </div>
   <div class='ocr_carea' id='block_1_2' title="bbox 140 798 1283 888">
    <p class='ocr_par' dir='ltr' id='par_1_2' title="bbox 140 798 1283 888">
     <span class='ocr_line' id='line_1_2' title="bbox 140 798 1283 888; baseline 0 -20"><span class='ocrx_word' id='word_1_2' title='bbox 140 798 268 884; x_wconf 82' lang='lat' dir='ltr'><strong>toria,&#39;’</strong></span> <span class='ocrx_word' id='word_1_3' title='bbox 289 803 331 867; x_wconf 92' lang='lat' dir='ltr'><strong>ut</strong></span> <span class='ocrx_word' id='word_1_4' title='bbox 346 798 466 884; x_wconf 89' lang='lat' dir='ltr'><strong>aiunt,</strong></span> <span class='ocrx_word' id='word_1_5' title='bbox 487 799 640 888; x_wconf 88' lang='lat' dir='ltr'><strong>petitis,</strong></span> <span class='ocrx_word' id='word_1_6' title='bbox 660 800 909 870; x_wconf 89' lang='lat' dir='ltr'><strong>demonstrari</strong></span> <span class='ocrx_word' id='word_1_7' title='bbox 933 799 1066 868; x_wconf 87' lang='lat' dir='ltr'><strong>debere</strong></span> <span class='ocrx_word' id='word_1_8' title='bbox 1090 800 1148 867; x_wconf 86' lang='lat' dir='ltr'><strong>vel</strong></span> <span class='ocrx_word' id='word_1_9' title='bbox 1175 818 1283 886; x_wconf 86' lang='lat' dir='ltr'><strong>posse</strong></span> 
     </span>
    </p>
   </div>
   <div class='ocr_carea' id='block_1_3' title="bbox 140 926 763 1086">
    <p class='ocr_par' dir='ltr' id='par_1_3' title="bbox 140 926 763 1086">
     <span class='ocr_line' id='line_1_3' title="bbox 140 926 370 994; baseline 0 -1"><span class='ocrx_word' id='word_1_10' title='bbox 140 926 370 994; x_wconf 88' lang='lat' dir='ltr'><strong>contendunt.</strong></span> 
     </span>
     <span class='ocr_line' id='line_1_4' title="bbox 648 1038 763 1086; baseline 0 0"><span class='ocrx_word' id='word_1_11' title='bbox 648 1038 763 1086; x_wconf 85' lang='lat' dir='ltr'><strong>xx11r.</strong></span> 
     </span>
    </p>
   </div>
   <div class='ocr_carea' id='block_1_4' title="bbox 137 1143 1284 1735">
    <p class='ocr_par' dir='ltr' id='par_1_4' title="bbox 137 1143 1284 1735">
     <span class='ocr_line' id='line_1_5' title="bbox 180 1143 1283 1234; baseline 0 -22"><span class='ocrx_word' id='word_1_12' title='bbox 180 1143 373 1212; x_wconf 77' lang='lat' dir='ltr'><strong>Canticum</strong></span> <span class='ocrx_word' id='word_1_13' title='bbox 390 1143 648 1231; x_wconf 72' lang='lat' dir='ltr'><strong>canticorum,</strong></span> <span class='ocrx_word' id='word_1_14' title='bbox 668 1146 771 1234; x_wconf 82' lang='lat' dir='ltr'><strong>quod</strong></span> <span class='ocrx_word' id='word_1_15' title='bbox 788 1166 899 1214; x_wconf 88' lang='lat' dir='ltr'><strong>sensu</strong></span> <span class='ocrx_word' id='word_1_16' title='bbox 916 1145 1055 1214; x_wconf 87' lang='lat' dir='ltr'><strong>literali</strong></span> <span class='ocrx_word' id='word_1_17' title='bbox 1082 1144 1283 1232; x_wconf 88' lang='lat' dir='ltr'><strong>allegorico</strong></span> 
     </span>
     <span class='ocr_line' id='line_1_6' title="bbox 141 1268 1282 1357; baseline 0.001 -21"><span class='ocrx_word' id='word_1_18' title='bbox 141 1269 185 1336; x_wconf 87' lang='lat' dir='ltr'><strong>ad</strong></span> <span class='ocrx_word' id='word_1_19' title='bbox 201 1270 388 1355; x_wconf 77' lang='lat' dir='ltr'><strong>sponsalia</strong></span> <span class='ocrx_word' id='word_1_20' title='bbox 412 1269 560 1340; x_wconf 80' lang='lat' dir='ltr'><strong>Christi</strong></span> <span class='ocrx_word' id='word_1_21' title='bbox 585 1292 668 1340; x_wconf 91' lang='lat' dir='ltr'><strong>cum</strong></span> <span class='ocrx_word' id='word_1_22' title='bbox 694 1271 862 1340; x_wconf 91' lang='lat' dir='ltr'><strong>humana</strong></span> <span class='ocrx_word' id='word_1_23' title='bbox 885 1276 1022 1340; x_wconf 90' lang='lat' dir='ltr'><strong>natura</strong></span> <span class='ocrx_word' id='word_1_24' title='bbox 1046 1271 1208 1357; x_wconf 87' lang='lat' dir='ltr'>indeque</span> <span class='ocrx_word' id='word_1_25' title='bbox 1232 1268 1282 1337; x_wconf 89' lang='lat' dir='ltr'><strong>ad</strong></span> 
     </span>
     <span class='ocr_line' id='line_1_7' title="bbox 139 1394 1280 1485; baseline -0.001 -24"><span class='ocrx_word' id='word_1_26' title='bbox 139 1394 296 1481; x_wconf 84' lang='lat' dir='ltr'><strong>ejusdcm</strong></span> <span class='ocrx_word' id='word_1_27' title='bbox 311 1415 395 1462; x_wconf 92' lang='lat' dir='ltr'><strong>cum</strong></span> <span class='ocrx_word' id='word_1_28' title='bbox 407 1395 589 1482; x_wconf 80' lang='lat' dir='ltr'><strong>Ecclesia,</strong></span> <span class='ocrx_word' id='word_1_29' title='bbox 607 1403 742 1464; x_wconf 88' lang='lat' dir='ltr'><strong>etcum</strong></span> <span class='ocrx_word' id='word_1_30' title='bbox 759 1399 947 1485; x_wconf 86' lang='lat' dir='ltr'><strong>justorum</strong></span> <span class='ocrx_word' id='word_1_31' title='bbox 964 1396 1162 1464; x_wconf 82' lang='lat' dir='ltr'><strong>animabus</strong></span> <span class='ocrx_word' id='word_1_32' title='bbox 1178 1394 1280 1481; x_wconf 91' lang='lat' dir='ltr'><strong>peni-</strong></span> 
     </span>
     <span class='ocr_line' id='line_1_8' title="bbox 138 1520 1284 1610; baseline 0 -22"><span class='ocrx_word' id='word_1_33' title='bbox 138 1520 316 1588; x_wconf 73' lang='lat' dir='ltr'>tissimum</span> <span class='ocrx_word' id='word_1_34' title='bbox 341 1523 621 1608; x_wconf 88' lang='lat' dir='ltr'><strong>copulationcm</strong></span> <span class='ocrx_word' id='word_1_35' title='bbox 647 1525 730 1610; x_wconf 86' lang='lat' dir='ltr'><strong>jure</strong></span> <span class='ocrx_word' id='word_1_36' title='bbox 753 1523 926 1608; x_wconf 82' lang='lat' dir='ltr'><strong>refertur,</strong></span> <span class='ocrx_word' id='word_1_37' title='bbox 946 1522 1106 1590; x_wconf 90' lang='lat' dir='ltr'><strong>Mariam</strong></span> <span class='ocrx_word' id='word_1_38' title='bbox 1135 1539 1284 1608; x_wconf 91' lang='lat' dir='ltr'><strong>quoque</strong></span> 
     </span>
     <span class='ocr_line' id='line_1_9' title="bbox 137 1649 753 1735; baseline 0.005 -22"><span class='ocrx_word' id='word_1_39' title='bbox 137 1665 306 1732; x_wconf 77' lang='lat' dir='ltr'><strong>sponsam</strong></span> <span class='ocrx_word' id='word_1_40' title='bbox 322 1649 452 1718; x_wconf 89' lang='lat' dir='ltr'><strong>eodem</strong></span> <span class='ocrx_word' id='word_1_41' title='bbox 469 1669 582 1716; x_wconf 89' lang='lat' dir='ltr'><strong>sensu</strong></span> <span class='ocrx_word' id='word_1_42' title='bbox 599 1653 753 1735; x_wconf 86' lang='lat' dir='ltr'><strong>spectat.</strong></span> 
     </span>
    </p>
   </div>
   <div class='ocr_carea' id='block_1_5' title="bbox 520 1797 761 1876">
    <p class='ocr_par' dir='ltr' id='par_1_5' title="bbox 520 1797 761 1876">
     <span class='ocr_line' id='line_1_10' title="bbox 520 1797 761 1876; baseline 0 0"><span class='ocrx_word' id='word_1_43' title='bbox 520 1797 526 1813; x_wconf 84' lang='lat'>&#39;</span> <span class='ocrx_word' id='word_1_44' title='bbox 650 1827 761 1876; x_wconf 74' lang='lat' dir='ltr'><strong>narr.</strong></span> 
     </span>
    </p>
   </div>
   <div class='ocr_carea' id='block_1_6' title="bbox 134 1947 1285 3045">
    <p class='ocr_par' dir='ltr' id='par_1_6' title="bbox 134 1947 1285 3045">
     <span class='ocr_line' id='line_1_11' title="bbox 177 1947 1278 2038; baseline 0.001 -24"><span class='ocrx_word' id='word_1_45' title='bbox 177 1947 344 2034; x_wconf 80' lang='lat' dir='ltr'><strong>Spiritus</strong></span> <span class='ocrx_word' id='word_1_46' title='bbox 384 1951 542 2018; x_wconf 85' lang='lat' dir='ltr'><strong>Sanctus</strong></span> <span class='ocrx_word' id='word_1_47' title='bbox 581 1951 622 2019; x_wconf 92' lang='lat' dir='ltr'><strong>in</strong></span> <span class='ocrx_word' id='word_1_48' title='bbox 662 1952 857 2038; x_wconf 79' lang='lat' dir='ltr'><strong>Scriptura</strong></span> <span class='ocrx_word' id='word_1_49' title='bbox 897 1952 1009 2019; x_wconf 84' lang='lat' dir='ltr'><strong>Sacra</strong></span> <span class='ocrx_word' id='word_1_50' title='bbox 1040 1957 1078 2019; x_wconf 90' lang='lat' dir='ltr'><strong>et</strong></span> <span class='ocrx_word' id='word_1_51' title='bbox 1117 1951 1157 2016; x_wconf 95' lang='lat' dir='ltr'><strong>in</strong></span> <span class='ocrx_word' id='word_1_52' title='bbox 1196 1950 1278 2016; x_wconf 85' lang='lat' dir='ltr'><strong>Tra-</strong></span> 
     </span>
     <span class='ocr_line' id='line_1_12' title="bbox 135 2073 1283 2162; baseline 0 -21"><span class='ocrx_word' id='word_1_53' title='bbox 135 2073 279 2142; x_wconf 87' lang='lat' dir='ltr'><strong>ditione</strong></span> <span class='ocrx_word' id='word_1_54' title='bbox 294 2075 352 2143; x_wconf 90' lang='lat' dir='ltr'><strong>ita</strong></span> <span class='ocrx_word' id='word_1_55' title='bbox 369 2076 572 2144; x_wconf 83' lang='lat' dir='ltr'><strong>exhibetur</strong></span> <span class='ocrx_word' id='word_1_56' title='bbox 588 2077 768 2145; x_wconf 90' lang='lat' dir='ltr'><strong>librorum</strong></span> <span class='ocrx_word' id='word_1_57' title='bbox 786 2097 975 2146; x_wconf 89' lang='lat' dir='ltr'><strong>sacrorum</strong></span> <span class='ocrx_word' id='word_1_58' title='bbox 1001 2076 1218 2162; x_wconf 82' lang='lat' dir='ltr'><strong>inspirator,</strong></span> <span class='ocrx_word' id='word_1_59' title='bbox 1239 2079 1283 2141; x_wconf 93' lang='lat' dir='ltr'><strong>ut</strong></span> 
     </span>
     <span class='ocr_line' id='line_1_13' title="bbox 134 2199 1283 2287; baseline 0 -21"><span class='ocrx_word' id='word_1_60' title='bbox 134 2199 220 2266; x_wconf 91' lang='lat' dir='ltr'><strong>libri</strong></span> <span class='ocrx_word' id='word_1_61' title='bbox 238 2200 457 2287; x_wconf 80' lang='lat' dir='ltr'><strong>Scripturas</strong></span> <span class='ocrx_word' id='word_1_62' title='bbox 473 2200 597 2269; x_wconf 88' lang='lat' dir='ltr'><strong>divini</strong></span> <span class='ocrx_word' id='word_1_63' title='bbox 618 2202 696 2270; x_wconf 91' lang='lat' dir='ltr'><strong>dici</strong></span> <span class='ocrx_word' id='word_1_64' title='bbox 713 2203 876 2270; x_wconf 86' lang='lat' dir='ltr'><strong>debeant</strong></span> <span class='ocrx_word' id='word_1_65' title='bbox 891 2223 965 2269; x_wconf 92' lang='lat' dir='ltr'><strong>non</strong></span> <span class='ocrx_word' id='word_1_66' title='bbox 977 2207 1126 2270; x_wconf 85' lang='lat' dir='ltr'><strong>tantum</strong></span> <span class='ocrx_word' id='word_1_67' title='bbox 1137 2199 1283 2267; x_wconf 89' lang='lat' dir='ltr'><strong>ratione</strong></span> 
     </span>
     <span class='ocr_line' id='line_1_14' title="bbox 135 2325 1279 2410; baseline 0.001 -18"><span class='ocrx_word' id='word_1_68' title='bbox 135 2325 324 2410; x_wconf 84' lang='lat' dir='ltr'><strong>materias,</strong></span> <span class='ocrx_word' id='word_1_69' title='bbox 345 2348 419 2395; x_wconf 95' lang='lat' dir='ltr'><strong>non</strong></span> <span class='ocrx_word' id='word_1_70' title='bbox 446 2333 596 2396; x_wconf 87' lang='lat' dir='ltr'><strong>tantum</strong></span> <span class='ocrx_word' id='word_1_71' title='bbox 621 2329 769 2398; x_wconf 78' lang='lat' dir='ltr'><strong>ratione</strong></span> <span class='ocrx_word' id='word_1_72' title='bbox 795 2329 897 2396; x_wconf 88' lang='lat' dir='ltr'><strong>modi</strong></span> <span class='ocrx_word' id='word_1_73' title='bbox 923 2327 1112 2396; x_wconf 89' lang='lat' dir='ltr'><strong>scribendi</strong></span> <span class='ocrx_word' id='word_1_74' title='bbox 1138 2327 1207 2394; x_wconf 93' lang='lat' dir='ltr'><strong>sub</strong></span> <span class='ocrx_word' id='word_1_75' title='bbox 1224 2347 1279 2393; x_wconf 91' lang='lat' dir='ltr'><strong>as·</strong></span> 
     </span>
     <span class='ocr_line' id='line_1_15' title="bbox 136 2453 1283 2542; baseline 0 -22"><span class='ocrx_word' id='word_1_76' title='bbox 136 2453 311 2521; x_wconf 76' lang='lat' dir='ltr'><strong>sistentia</strong></span> <span class='ocrx_word' id='word_1_77' title='bbox 328 2455 607 2539; x_wconf 81' lang='lat' dir='ltr'><strong>supernaturali</strong></span> <span class='ocrx_word' id='word_1_78' title='bbox 627 2455 794 2542; x_wconf 88' lang='lat' dir='ltr'><strong>Spiritus</strong></span> <span class='ocrx_word' id='word_1_79' title='bbox 811 2455 940 2523; x_wconf 85' lang='lat' dir='ltr'><strong>Sancti</strong></span> <span class='ocrx_word' id='word_1_80' title='bbox 957 2474 1116 2523; x_wconf 85' lang='lat' dir='ltr'><strong>errorem</strong></span> <span class='ocrx_word' id='word_1_81' title='bbox 1134 2473 1283 2539; x_wconf 91' lang='lat' dir='ltr'><strong>praeca-</strong></span> 
     </span>
     <span class='ocr_line' id='line_1_16' title="bbox 136 2579 1285 2666; baseline 0.003 -24"><span class='ocrx_word' id='word_1_82' title='bbox 136 2579 268 2662; x_wconf 76' lang='lat' dir='ltr'><strong>ventis,</strong></span> <span class='ocrx_word' id='word_1_83' title='bbox 307 2580 372 2646; x_wconf 89' lang='lat' dir='ltr'><strong>sed</strong></span> <span class='ocrx_word' id='word_1_84' title='bbox 403 2601 515 2648; x_wconf 83' lang='lat' dir='ltr'><strong>sensu</strong></span> <span class='ocrx_word' id='word_1_85' title='bbox 543 2581 725 2648; x_wconf 88' lang='lat' dir='ltr'><strong>strictiori</strong></span> <span class='ocrx_word' id='word_1_86' title='bbox 753 2581 900 2649; x_wconf 89' lang='lat' dir='ltr'><strong>ratione</strong></span> <span class='ocrx_word' id='word_1_87' title='bbox 931 2579 1161 2666; x_wconf 90' lang='lat' dir='ltr'><strong>scriptionis,</strong></span> <span class='ocrx_word' id='word_1_88' title='bbox 1188 2598 1285 2665; x_wconf 86' lang='lat' dir='ltr'><strong>quae</strong></span> 
     </span>
     <span class='ocr_line' id='line_1_17' title="bbox 136 2703 1285 2793; baseline -0.002 -21"><span class='ocrx_word' id='word_1_89' title='bbox 136 2705 186 2772; x_wconf 81' lang='lat' dir='ltr'><strong>sit</strong></span> <span class='ocrx_word' id='word_1_90' title='bbox 208 2704 415 2774; x_wconf 87' lang='lat' dir='ltr'><strong>efficienter</strong></span> <span class='ocrx_word' id='word_1_91' title='bbox 441 2727 464 2773; x_wconf 90' lang='lat' dir='ltr'><strong>a</strong></span> <span class='ocrx_word' id='word_1_92' title='bbox 490 2705 570 2773; x_wconf 91' lang='lat' dir='ltr'><strong>Deo</strong></span> <span class='ocrx_word' id='word_1_93' title='bbox 598 2727 665 2792; x_wconf 83' lang='lat' dir='ltr'><strong>par</strong></span> <span class='ocrx_word' id='word_1_94' title='bbox 691 2706 892 2790; x_wconf 90' lang='lat' dir='ltr'><strong>hominem,</strong></span> <span class='ocrx_word' id='word_1_95' title='bbox 913 2706 953 2772; x_wconf 95' lang='lat' dir='ltr'><strong>in</strong></span> <span class='ocrx_word' id='word_1_96' title='bbox 982 2725 1091 2793; x_wconf 91' lang='lat' dir='ltr'><strong>quem</strong></span> <span class='ocrx_word' id='word_1_97' title='bbox 1119 2703 1285 2790; x_wconf 87' lang='lat' dir='ltr'><strong>Spiritus</strong></span> 
     </span>
     <span class='ocr_line' id='line_1_18' title="bbox 136 2829 1281 2917; baseline -0.002 -19"><span class='ocrx_word' id='word_1_98' title='bbox 136 2831 294 2899; x_wconf 88' lang='lat' dir='ltr'><strong>Sanctus</strong></span> <span class='ocrx_word' id='word_1_99' title='bbox 310 2836 490 2917; x_wconf 87' lang='lat' dir='ltr'><strong>operetur</strong></span> <span class='ocrx_word' id='word_1_100' title='bbox 523 2831 828 2900; x_wconf 84' lang='lat' dir='ltr'><strong>adscribendum</strong></span> <span class='ocrx_word' id='word_1_101' title='bbox 860 2838 900 2900; x_wconf 90' lang='lat' dir='ltr'><strong>et</strong></span> <span class='ocrx_word' id='word_1_102' title='bbox 924 2832 965 2898; x_wconf 92' lang='lat' dir='ltr'><strong>in</strong></span> <span class='ocrx_word' id='word_1_103' title='bbox 994 2830 1189 2899; x_wconf 90' lang='lat' dir='ltr'><strong>scribendo</strong></span> <span class='ocrx_word' id='word_1_104' title='bbox 1214 2829 1281 2915; x_wconf 91' lang='lat' dir='ltr'><strong>ita,</strong></span> 
     </span>
     <span class='ocr_line' id='line_1_19' title="bbox 135 2957 1162 3045; baseline -0.001 -19"><span class='ocrx_word' id='word_1_105' title='bbox 135 2965 178 3026; x_wconf 90' lang='lat' dir='ltr'><strong>ut</strong></span> <span class='ocrx_word' id='word_1_106' title='bbox 193 2958 300 3026; x_wconf 90' lang='lat' dir='ltr'><strong>Deus</strong></span> <span class='ocrx_word' id='word_1_107' title='bbox 316 2957 397 3045; x_wconf 90' lang='lat' dir='ltr'><strong>ipse</strong></span> <span class='ocrx_word' id='word_1_108' title='bbox 412 2958 590 3045; x_wconf 89' lang='lat' dir='ltr'><strong>princeps</strong></span> <span class='ocrx_word' id='word_1_109' title='bbox 605 2958 694 3026; x_wconf 90' lang='lat' dir='ltr'><strong>libri</strong></span> <span class='ocrx_word' id='word_1_110' title='bbox 712 2964 843 3027; x_wconf 88' lang='lat' dir='ltr'><strong>auctor</strong></span> <span class='ocrx_word' id='word_1_111' title='bbox 859 2959 999 3026; x_wconf 90' lang='lat' dir='ltr'><strong>censeri</strong></span> <span class='ocrx_word' id='word_1_112' title='bbox 1017 2958 1162 3026; x_wconf 88' lang='lat' dir='ltr'><strong>debeat.</strong></span> 
     </span>
    </p>
   </div>
   <div class='ocr_carea' id='block_1_7' title="bbox 665 3136 761 3185">
    <p class='ocr_par' dir='ltr' id='par_1_7' title="bbox 665 3136 761 3185">
     <span class='ocr_line' id='line_1_20' title="bbox 665 3136 761 3185; baseline 0 -1"><span class='ocrx_word' id='word_1_113' title='bbox 665 3136 761 3185; x_wconf 84' lang='lat' dir='ltr'>XXV.</span> 
     </span>
    </p>
   </div>
   <div class='ocr_carea' id='block_1_8' title="bbox 132 3257 1287 3600">
    <p class='ocr_par' dir='ltr' id='par_1_8' title="bbox 132 3257 1287 3600">
     <span class='ocr_line' id='line_1_21' title="bbox 178 3257 1287 3348; baseline -0.005 -18"><span class='ocrx_word' id='word_1_114' title='bbox 178 3261 399 3348; x_wconf 80' lang='lat' dir='ltr'><strong>Scripturas</strong></span> <span class='ocrx_word' id='word_1_115' title='bbox 423 3261 556 3329; x_wconf 86' lang='lat' dir='ltr'><strong>Sacrae</strong></span> <span class='ocrx_word' id='word_1_116' title='bbox 584 3259 786 3348; x_wconf 89' lang='lat' dir='ltr'><strong>inspiratio</strong></span> <span class='ocrx_word' id='word_1_117' title='bbox 814 3281 888 3329; x_wconf 92' lang='lat' dir='ltr'><strong>nou</strong></span> <span class='ocrx_word' id='word_1_118' title='bbox 915 3265 973 3328; x_wconf 87' lang='lat' dir='ltr'><strong>est</strong></span> <span class='ocrx_word' id='word_1_119' title='bbox 997 3258 1220 3328; x_wconf 84' lang='lat' dir='ltr'><strong>coarctanda</strong></span> <span class='ocrx_word' id='word_1_120' title='bbox 1237 3257 1287 3326; x_wconf 82' lang='lat' dir='ltr'><strong>ad</strong></span> 
     </span>
     <span class='ocr_line' id='line_1_22' title="bbox 134 3385 1281 3474; baseline -0.004 -18"><span class='ocrx_word' id='word_1_121' title='bbox 134 3389 236 3456; x_wconf 87' lang='lat' dir='ltr'><strong>solas</strong></span> <span class='ocrx_word' id='word_1_122' title='bbox 252 3391 383 3474; x_wconf 86' lang='lat' dir='ltr'><strong>partes</strong></span> <span class='ocrx_word' id='word_1_123' title='bbox 399 3385 634 3473; x_wconf 83' lang='lat' dir='ltr'><strong>dogmaticas</strong></span> <span class='ocrx_word' id='word_1_124' title='bbox 662 3387 721 3454; x_wconf 87' lang='lat' dir='ltr'><strong>vel</strong></span> <span class='ocrx_word' id='word_1_125' title='bbox 748 3406 833 3453; x_wconf 87' lang='lat' dir='ltr'><strong>eum</strong></span> <span class='ocrx_word' id='word_1_126' title='bbox 858 3385 1033 3472; x_wconf 84' lang='lat' dir='ltr'><strong>dogmate</strong></span> <span class='ocrx_word' id='word_1_127' title='bbox 1049 3385 1281 3471; x_wconf 74' lang='lat' dir='ltr'><strong>coniunctas,</strong></span> 
     </span>
     <span class='ocr_line' id='line_1_23' title="bbox 132 3511 1128 3600; baseline -0.005 -17"><span class='ocrx_word' id='word_1_128' title='bbox 132 3515 197 3583; x_wconf 83' lang='lat' dir='ltr'><strong>sed</strong></span> <span class='ocrx_word' id='word_1_129' title='bbox 215 3513 267 3581; x_wconf 86' lang='lat' dir='ltr'><strong>ad</strong></span> <span class='ocrx_word' id='word_1_130' title='bbox 279 3533 408 3581; x_wconf 88' lang='lat' dir='ltr'><strong>omncs</strong></span> <span class='ocrx_word' id='word_1_131' title='bbox 423 3518 462 3581; x_wconf 86' lang='lat' dir='ltr'><strong>et</strong></span> <span class='ocrx_word' id='word_1_132' title='bbox 478 3511 647 3599; x_wconf 87' lang='lat' dir='ltr'><strong>singulas</strong></span> <span class='ocrx_word' id='word_1_133' title='bbox 663 3517 790 3600; x_wconf 86' lang='lat' dir='ltr'><strong>partes</strong></span> <span class='ocrx_word' id='word_1_134' title='bbox 806 3517 864 3581; x_wconf 87' lang='lat' dir='ltr'><strong>est</strong></span> <span class='ocrx_word' id='word_1_135' title='bbox 879 3512 1128 3579; x_wconf 85' lang='lat' dir='ltr'><strong>extendenda.</strong></span> 
     </span>
    </p>
   </div>
   <div class='ocr_carea' id='block_1_9' title="bbox 679 3707 791 3756">
    <p class='ocr_par' dir='ltr' id='par_1_9' title="bbox 679 3707 791 3756">
     <span class='ocr_line' id='line_1_24' title="bbox 679 3707 791 3756; baseline -0.018 0"><span class='ocrx_word' id='word_1_136' title='bbox 679 3707 791 3756; x_wconf 85' lang='lat' dir='ltr'>XXVI.</span> 
     </span>
    </p>
   </div>
   <div class='ocr_carea' id='block_1_10' title="bbox 132 3830 1286 4171">
    <p class='ocr_par' dir='ltr' id='par_1_10' title="bbox 132 3830 1286 4171">
     <span class='ocr_line' id='line_1_25' title="bbox 178 3830 1285 3916; baseline -0.003 -16"><span class='ocrx_word' id='word_1_137' title='bbox 178 3834 258 3901; x_wconf 86' lang='lat' dir='ltr'><strong>The</strong></span> <span class='ocrx_word' id='word_1_138' title='bbox 284 3831 442 3900; x_wconf 90' lang='lat' dir='ltr'><strong>biblical</strong></span> <span class='ocrx_word' id='word_1_139' title='bbox 473 3845 631 3900; x_wconf 88' lang='lat' dir='ltr'><strong>account</strong></span> <span class='ocrx_word' id='word_1_140' title='bbox 656 3832 696 3900; x_wconf 83' lang='lat' dir='ltr'><strong>of</strong></span> <span class='ocrx_word' id='word_1_141' title='bbox 723 3831 789 3900; x_wconf 87' lang='lat' dir='ltr'><strong>the</strong></span> <span class='ocrx_word' id='word_1_142' title='bbox 814 3831 980 3899; x_wconf 89' lang='lat' dir='ltr'><strong>creatiou</strong></span> <span class='ocrx_word' id='word_1_143' title='bbox 997 3830 1038 3898; x_wconf 81' lang='lat' dir='ltr'><strong>of</strong></span> <span class='ocrx_word' id='word_1_144' title='bbox 1065 3831 1192 3916; x_wconf 90' lang='lat' dir='ltr'><strong>plauts</strong></span> <span class='ocrx_word' id='word_1_145' title='bbox 1209 3830 1285 3897; x_wconf 85' lang='lat' dir='ltr'><strong>and</strong></span> 
     </span>
     <span class='ocr_line' id='line_1_26' title="bbox 134 3954 1286 4044; baseline -0.006 -16"><span class='ocrx_word' id='word_1_146' title='bbox 134 3959 298 4028; x_wconf 80' lang='lat' dir='ltr'><strong>animala</strong></span> <span class='ocrx_word' id='word_1_147' title='bbox 324 3957 433 4044; x_wconf 86' lang='lat' dir='ltr'><strong>(Gen.</strong></span> <span class='ocrx_word' id='word_1_148' title='bbox 467 3957 823 4042; x_wconf 78' lang='lat' dir='ltr'><strong>1.,11,1a‚ao-at),</strong></span> <span class='ocrx_word' id='word_1_149' title='bbox 847 3957 936 4025; x_wconf 91' lang='lat' dir='ltr'><strong>does</strong></span> <span class='ocrx_word' id='word_1_150' title='bbox 964 3962 1032 4025; x_wconf 93' lang='lat' dir='ltr'><strong>not</strong></span> <span class='ocrx_word' id='word_1_151' title='bbox 1059 3954 1286 4042; x_wconf 82' lang='lat' dir='ltr'><strong>necessarily</strong></span> 
     </span>
     <span class='ocr_line' id='line_1_27' title="bbox 132 4082 776 4171; baseline -0.006 -17"><span class='ocrx_word' id='word_1_152' title='bbox 132 4085 292 4155; x_wconf 82' lang='lat' dir='ltr'><strong>exclude</strong></span> <span class='ocrx_word' id='word_1_153' title='bbox 308 4106 331 4152; x_wconf 89' lang='lat' dir='ltr'><strong>a</strong></span> <span class='ocrx_word' id='word_1_154' title='bbox 348 4103 500 4171; x_wconf 83' lang='lat' dir='ltr'><strong>process</strong></span> <span class='ocrx_word' id='word_1_155' title='bbox 516 4082 556 4151; x_wconf 84' lang='lat' dir='ltr'><strong>of</strong></span> <span class='ocrx_word' id='word_1_156' title='bbox 572 4083 776 4152; x_wconf 90' lang='lat' dir='ltr'><strong>evolutiou.</strong></span> 
     </span>
    </p>
   </div>
   <div class='ocr_carea' id='block_1_11' title="bbox 646 4261 774 4311">
    <p class='ocr_par' dir='ltr' id='par_1_11' title="bbox 646 4261 774 4311">
     <span class='ocr_line' id='line_1_28' title="bbox 646 4261 774 4311; baseline -0.016 -1"><span class='ocrx_word' id='word_1_157' title='bbox 646 4261 774 4311; x_wconf 85' lang='lat' dir='ltr'><strong>XXVII.</strong></span> 
     </span>
    </p>
   </div>
   <div class='ocr_carea' id='block_1_12' title="bbox 133 4383 1286 4607">
    <p class='ocr_par' dir='ltr' id='par_1_12' title="bbox 133 4383 1286 4607">
     <span class='ocr_line' id='line_1_29' title="bbox 171 4383 1286 4472; baseline -0.008 -13"><span class='ocrx_word' id='word_1_158' title='bbox 171 4389 244 4458; x_wconf 82' lang='lat' dir='ltr'><strong>&#39;l&#39;he</strong></span> <span class='ocrx_word' id='word_1_159' title='bbox 260 4390 360 4458; x_wconf 85' lang='lat' dir='ltr'><strong>data</strong></span> <span class='ocrx_word' id='word_1_160' title='bbox 378 4386 423 4454; x_wconf 82' lang='lat' dir='ltr'><strong>oi</strong></span> <span class='ocrx_word' id='word_1_161' title='bbox 452 4385 624 4472; x_wconf 88' lang='lat' dir='ltr'><strong>pbysical</strong></span> <span class='ocrx_word' id='word_1_162' title='bbox 651 4385 794 4454; x_wconf 91' lang='lat' dir='ltr'><strong>science</strong></span> <span class='ocrx_word' id='word_1_163' title='bbox 821 4383 972 4452; x_wconf 87' lang='lat' dir='ltr'><strong>iurnish</strong></span> <span class='ocrx_word' id='word_1_164' title='bbox 988 4386 1085 4471; x_wconf 86' lang='lat' dir='ltr'><strong>good</strong></span> <span class='ocrx_word' id='word_1_165' title='bbox 1103 4384 1212 4471; x_wconf 81' lang='lat' dir='ltr'><strong>proci</strong></span> <span class='ocrx_word' id='word_1_166' title='bbox 1227 4385 1286 4452; x_wconf 80' lang='lat' dir='ltr'><strong>for</strong></span> 
     </span>
     <span class='ocr_line' id='line_1_30' title="bbox 133 4509 1281 4607; baseline -0.007 -21"><span class='ocrx_word' id='word_1_167' title='bbox 133 4517 187 4588; x_wconf 83' lang='lat' dir='ltr'><strong>the</strong></span> <span class='ocrx_word' id='word_1_168' title='bbox 197 4513 455 4607; x_wconf 83' lang='lat' dir='ltr'><strong>probability</strong></span> <span class='ocrx_word' id='word_1_169' title='bbox 471 4509 509 4578; x_wconf 84' lang='lat' dir='ltr'><strong>oi</strong></span> <span class='ocrx_word' id='word_1_170' title='bbox 525 4511 588 4578; x_wconf 87' lang='lat' dir='ltr'><strong>the</strong></span> <span class='ocrx_word' id='word_1_171' title='bbox 600 4511 791 4580; x_wconf 90' lang='lat' dir='ltr'><strong>evolution</strong></span> <span class='ocrx_word' id='word_1_172' title='bbox 808 4510 848 4579; x_wconf 83' lang='lat' dir='ltr'><strong>of</strong></span> <span class='ocrx_word' id='word_1_173' title='bbox 871 4512 999 4598; x_wconf 88' lang='lat' dir='ltr'><strong>plauts</strong></span> <span class='ocrx_word' id='word_1_174' title='bbox 1016 4511 1092 4578; x_wconf 85' lang='lat' dir='ltr'><strong>and</strong></span> <span class='ocrx_word' id='word_1_175' title='bbox 1109 4511 1281 4594; x_wconf 66' lang='lat' dir='ltr'><strong>animala</strong></span> 
     </span>
    </p>
   </div>
   <div class='ocr_carea' id='block_1_13' title="bbox 0 0 1568 5317">
    <p class='ocr_par' dir='ltr' id='par_1_13' title="bbox 0 0 1568 5317">
     <span class='ocr_line' id='line_1_31' title="bbox 0 0 1568 5317; baseline 0 2"><span class='ocrx_word' id='word_1_176' title='bbox 0 0 1568 5317; x_wconf 95' lang='lat' dir='ltr'><strong> </strong></span> 
     </span>
    </p>
   </div>
  </div>
 </body>
</html>
