3125 5317
844 571 887 633 10

252 738 368 821 obest,
390 740 517 826 reique
533 741 708 826 publicae
724 740 982 824 utilitatibus3
1008 761 1168 827 cumque
1193 739 1297 805 haud
1322 736 1456 822 procul

254 867 334 914 esse
356 849 432 915 avi
459 850 656 935 turbisque
688 851 817 934 soleat,
848 869 1112 936 saepenumero
1139 846 1456 934 tranquillitatem

254 956 443 1040 publicam
470 957 509 1022 in
538 958 739 1024 discrimen
767 958 934 1025 adducit.
986 959 1068 1038 Qua
1092 958 1132 1024 in
1149 979 1187 1025 re
1211 957 1308 1022 illud
1334 954 1456 1040 magis

255 1065 385 1131 efficax
417 1087 461 1132 ac
492 1067 652 1150 salubre,
689 1074 921 1134 antevertere
954 1067 1179 1134 auctoritate
1211 1066 1346 1151 legum,
1378 1083 1454 1130 ma·

255 1174 408 1259 lumque
421 1194 466 1241 ne
480 1195 672 1260 erumpere
684 1176 807 1260 possit
819 1176 1027 1261 prohibere,
1043 1175 1178 1242 amotis
1192 1179 1336 1240 mature
1349 1191 1453 1238 cans-

256 1281 318 1365 sis,
332 1283 431 1350 unde
442 1284 676 1350 dominorum
688 1289 802 1370 atque
810 1284 1064 1370 operariorum
1076 1283 1271 1351 condictus
1281 1282 1456 1348 videatur

254 1391 486 1458 extiturus.”

801 1485 852 1536 Leo
865 1484 952 1537 XIII.
969 1485 1068 1549 ampo.
1085 1483 1187 1536 Boram
1201 1482 1351 1536 Novarum.

789 1601 913 1655 XXXII.

306 1701 459 1769 “Homo
485 1698 731 1788 propensione
756 1704 921 1771 naturali
954 1705 1053 1771 sicut
1078 1703 1127 1770 ad
1151 1700 1456 1789 coniunctionem

256 1811 409 1877 ducitur
431 1811 831 1898 congregationemque
848 1812 1007 1896 civilem,
1029 1813 1082 1880 sic
1099 1818 1136 1879 et
1153 1811 1248 1878 alias
1265 1830 1346 1876 cum
1365 1809 1453 1875 civi-

255 1921 326 1986 bus
342 1919 438 1986 inire
455 1920 652 1987 societates
668 1921 826 2006 expetit,
847 1921 1005 2007 exiguas
1021 1921 1108 1989 illas
1125 1919 1276 2007 quidem
1290 1939 1356 1985 nec
1373 1938 1452 2003 per-

256 2029 385 2110 iectas,
407 2028 471 2094 sed
489 2028 687 2096 societates
705 2037 841 2097 tamen.
894 2031 929 2096 N
933 2052 1005 2097 unc
1025 2049 1116 2097 vero
1144 2047 1370 2115 quamquam
1397 2047 1453 2094 so-

256 2138 411 2204 cietates
428 2137 598 2222 privatae
622 2138 795 2205 existunt
811 2139 850 2204 in
868 2139 1033 2222 civitate,
1055 2142 1211 2226 ejusque
1237 2142 1325 2203 sunt
1351 2136 1455 2202 velut

255 2252 381 2332 partes
400 2245 567 2329 totidem,
587 2253 710 2313 tamen
727 2248 899 2314 universe
916 2269 960 2314 ac
977 2268 1042 2333 per
1058 2269 1096 2314 se
1113 2251 1260 2313 nonest
1276 2245 1314 2310 in
1332 2251 1453 2330 potes-

256 2361 334 2422 tate
367 2354 595 2440 reipublicae
621 2374 667 2422 ne
692 2356 861 2423 existant
894 2355 1100 2442 prohibere.
1153 2355 1326 2421 Privatas
1354 2352 1454 2420 enim

257 2464 454 2531 societates
471 2463 567 2529 inire
585 2484 798 2530 concessum
816 2470 873 2531 est
890 2465 1034 2532 homini
1050 2467 1133 2551 jure
1150 2463 1346 2531 naturae.”

804 2573 857 2624 Leo
869 2571 956 2625 XIII.
972 2573 1070 2636 acopo.
1086 2571 1188 2624 snam
1202 2571 1354 2623 Novarum.

785 2672 924 2725 XXXIII.

303 2774 485 2840 Doctrina
501 2774 548 2840 de
565 2775 759 2842 mendacio
788 2782 826 2841 et
853 2775 1087 2842 restrictione
1116 2774 1271 2841 mentali
1300 2794 1322 2840 a
1351 2772 1453 2840 theo-

255 2883 351 2969 logis
368 2882 575 2950 Catholicis
595 2884 840 2950 communiter
857 2884 1011 2967 tradita,
1038 2883 1223 2950 immerito
1240 2881 1456 2949 traducitur

258 2998 300 3058 ut
316 2991 521 3057 immoralis
539 2998 576 3056 et
593 2991 765 3058 societati
783 2992 1003 3077 perniciosa.

288 3100 384 3163 chry
409 3098 437 3151 0.
465 3098 530 3158 Lea,
556 3101 580 3149 A
607 3098 720 3164 History
742 3101 776 3164 os
793 3101 949 3151 Aartcalcr
974 3099 1130 3164 Ooascseicn
1150 3101 1207 3149 aad
1229 3098 1404 3162 [adalgerum
1423 3099 1456 3148 ia

255 3185 297 3234 tlte
310 3183 395 3233 latin
410 3182 527 3234 Charct.
573 3183 626 3234 Vol.
642 3183 682 3234 Il.
748 3223 752 3230 .

320 3265 452 3316 Huroard
464 3264 603 3316 Damam
616 3265 728 3316 Lectcrc
733 3268 786 3331 sor·
799 3267 871 3318 1895.

785 3367 922 3423 XXXIV.

302 3468 384 3535 Etsi
398 3467 632 3552 hypnotismi
643 3468 774 3552 praxis
785 3488 858 3535 non
872 3468 1056 3536 habeatur
1067 3475 1110 3536 ut
1120 3469 1290 3536 absolute
1300 3468 1450 3552 illicita,

256 3584 380 3644 tamen
399 3576 539 3642 nemini
556 3576 644 3656 licet
656 3576 689 3643 ei
708 3597 746 3643 se
764 3578 984 3645 submittere
1001 3578 1141 3664 absque
1156 3578 1262 3664 gravi
1279 3598 1402 3645 causa.

800 3719 920 3772 XXXV.

302 3820 378 3886 'l'he
395 3824 493 3885 state
510 3818 549 3885 of
573 3818 637 3886 the
655 3820 801 3886 Roman
820 3821 936 3887 world
953 3821 993 3886 in
1010 3823 1114 3907 early
1142 3821 1314 3906 imperial
1342 3822 1455 3889 times

255 3950 331 3996 was
347 3929 429 3994 well
446 3928 555 3994 fitted
572 3928 630 3995 for
647 3929 710 3995 the
728 3929 837 4015 rapid
856 3930 1103 4015 propagation
1121 3930 1161 3997 of
1185 3929 1450 4016 Christianity.

789 4071 925 4124 XXXVI.

264 4271 267 4277 Ι
303 4171 566 4238 Nevertheless
583 4171 661 4238 this
687 4172 797 4257 rapid
825 4174 958 4258 spread
976 4173 1016 4240 of
1039 4173 1103 4240 the
1129 4173 1322 4241 OhrIstian
1352 4173 1454 4240 Reli-

256 4281 355 4367 gion,
378 4285 552 4364 contrary
571 4285 609 4345 to
627 4281 691 4346 the
708 4281 862 4365 opinion
880 4281 919 4347 of
944 4280 1102 4365 Gibbon‚
1124 4282 1196 4348 isa
1216 4283 1324 4367 proof
1340 4282 1380 4348 of
1404 4282 1457 4350 its

257 4391 433 4529 dlxlmty'
551 4479 660 4530 Decliac
669 4480 726 4530 aad
738 4479 803 4531 Foll
815 4482 848 4545 os
863 4481 905 4533 lire
917 4481 1025 4533 Roman
1038 4481 1158 4547 Esurire,
1169 4481 1222 4534 Vol.
1239 4485 1263 4542 1,
1276 4497 1297 4535 c.
1314 4484 1352 4534 15.
