3125 5317
691 504 733 565 13

137 680 338 765 multiplici
369 681 521 748 ratione
558 682 727 769 subjacet
750 682 972 750 auctoritati
1005 681 1148 765 sociali,
1186 701 1284 769 quae

135 813 253 891 potest
275 805 376 873 illud
393 806 434 873 iu
450 806 596 873 bonum
623 826 815 875 commuue
843 807 1029 876 moderari
1058 828 1100 875 ac
1126 807 1281 877 restrin-

137 950 227 1016 gere.

652 1042 775 1090 xxxv.

184 1182 340 1262 “Quam
368 1183 416 1250 ob
444 1202 522 1249 rem
549 1182 583 1249 si
610 1183 761 1269 quaudo
787 1182 864 1266 fiat,
885 1190 930 1250 ut
946 1184 1141 1270 quippiam
1160 1185 1286 1251 turba-

138 1326 216 1372 rum
231 1306 452 1393 impendeat
467 1307 515 1374 ob
533 1306 776 1374 secessionem
799 1307 985 1393 opificum,
1008 1316 1075 1375 aut
1101 1308 1287 1376 intermis-

139 1453 195 1500 sas
220 1453 270 1499 ex
297 1432 506 1519 composito
536 1453 680 1518 operas:
709 1440 751 1500 ut
777 1434 971 1501 naturalia
998 1433 1168 1501 familiae
1185 1453 1283 1501 nexa

142 1558 239 1643 apud
267 1557 493 1643 proletarios
520 1558 758 1625 relaxentur:
788 1566 831 1625 ut
857 1558 990 1644 religio
1019 1559 1059 1624 in
1089 1557 1289 1645 opificibus

143 1684 299 1750 violetur
315 1703 390 1751 uon
407 1683 501 1750 satis
518 1682 768 1768 impertiendo
778 1683 969 1750 commodi
993 1684 1042 1750 ad
1067 1683 1189 1752 officia
1213 1684 1289 1769 pie-

145 1808 252 1875 tatis:
278 1809 313 1875 si
337 1808 549 1895 pericnlum
577 1808 615 1873 in
642 1808 801 1876 officinis
825 1808 1039 1893 integritati
1065 1829 1209 1876 morum
1235 1810 1300 1875 in·-

144 1941 250 2021 gruat
265 1955 287 2001 a
305 1955 399 2001 sexu
427 1935 650 2020 promiscue,
671 1934 804 2001 aliisve
821 1934 1042 2020 perniciosis
1068 1935 1289 2002 invitamen-

148 2061 193 2126 tis
207 2060 387 2146 peccaudi
402 2083 410 2126 ε
438 2068 507 2127 aut
520 2060 695 2145 opificum
712 2059 882 2127 ordinem
900 2059 1031 2126 herilis
1042 2060 1133 2127 ordo
1147 2060 1292 2147 iniquis

148 2194 287 2272 premat
312 2187 500 2269 oneribus,
538 2188 593 2253 vel
620 2185 755 2252 alienis
785 2206 807 2251 a
832 2206 990 2271 persona
1022 2206 1065 2252 ac
1106 2186 1293 2273 dignitate

150 2312 309 2379 humana
325 2311 608 2380 conditionibus
633 2310 795 2397 affligat:
833 2311 865 2377 si
885 2311 1094 2378 valetudini
1113 2321 1294 2379 noceatur

149 2458 253 2522 opere
269 2438 480 2517 immodico,
492 2457 561 2503 nec
577 2436 624 2502 ad
639 2456 768 2503 sexum
778 2443 984 2504 aetatemve
1001 2437 1289 2520 accommodato,

150 2562 205 2629 his
230 2564 270 2629 iu
296 2564 438 2630 caussis
468 2563 581 2648 plane
607 2561 833 2641 adhibenda,
855 2569 974 2627 certos
991 2561 1094 2628 intra
1111 2560 1213 2643 linea,
1235 2562 1290 2629 vis

149 2697 185 2755 et
199 2689 403 2755 auctoritas
420 2688 590 2772 legum.'’
610 2690 622 2737 ¹

653 2830 794 2878 xxxva

194 2991 388 3071 Salarium,
409 2998 455 3057 ut
470 2991 615 3077 justum
636 2995 836 3069 remaneat,
859 3006 931 3053 uon
951 2994 1073 3071 potest
1089 2989 1294 3074 generatim

151 3115 308 3183 inierins
324 3136 401 3183 esse
420 3136 465 3181 eo
487 3114 589 3200 quod
615 3113 823 3199 requiritur
849 3112 897 3179 ad
930 3112 1118 3179 decentem
1153 3114 1296 3199 opificis

150 3241 484 3307 sustentationem:
512 3245 742 3325 quapropter
752 3236 1161 3304 salariiinsufficientiu
1172 3240 1299 3325 arguit

152 3367 209 3434 vel
240 3366 419 3451 injuriam
448 3363 733 3446 individualem,
767 3363 823 3429 vel
850 3362 1023 3429 socialem
1052 3363 1294 3449 iniustitiam,

150 3494 209 3559 vel
226 3492 420 3577 publicum
434 3490 696 3557 infortunium.

647 3698 805 3746 XXXVII.

199 3843 292 3911 Cum
314 3841 517 3927 “privatas
541 3840 738 3907 societates
762 3839 859 3906 inire
883 3858 1097 3907 concessum
1122 3840 1173 3907 sit
1198 3840 1299 3908 hom·

150 3969 208 4035 ini
231 3970 315 4056 jure
341 3966 539 4048 naturae,'’
568 3965 735 4051 legitime
760 3965 922 4049 opifices,
952 3965 1039 4031 boni
1067 3967 1211 4051 proprii
1244 3968 1300 4034 iu-

149 4096 264 4175 tuitu,
285 4094 326 4159 iu
344 4092 451 4158 varia
467 4091 680 4157 coalescunt
696 4089 855 4175 collegia
870 4113 878 4172 ;
904 4090 958 4157 ita
977 4098 1101 4158 autem
1119 4092 1301 4160 constitui

150 4228 266 4307 atque
287 4217 495 4306 gubernari
520 4216 596 4283 ista
619 4215 777 4301 collegia
802 4222 960 4301 oportet,
983 4222 1026 4283 ut
1049 4216 1303 4285 instrumenta

148 4346 397 4433 suppeditent
426 4342 624 4427 aptissima
650 4348 763 4427 atque
790 4341 953 4407 maxime
978 4342 1158 4426 expedita
1175 4344 1224 4411 ad
1246 4344 1298 4429 id,

701 4488 796 4495 ——n-
806 4490 833 4495 --.
840 4489 1044 4496 -.μω-...α-

172 4558 306 4609 uanum,
318 4550 631 4599 mammaeam
