3125 5317
1736 509 1779 583 8

611 682 952 786 fungens,
982 721 1117 786 pro
1153 720 1498 786 suprema
1535 720 1672 766 sua
1705 698 2118 784 apostolica
2153 695 2601 763 auctoritate
2636 681 2909 760 doctri-

606 844 776 890 nam
812 825 904 891 de
936 825 1082 891 fide
1117 825 1229 890 vel
1264 825 1595 892 moribus
1629 826 1723 891 ab
1757 824 2105 891 universa
2138 821 2470 888 Ecclesia
2505 820 2906 886 tenendam

608 948 893 1034 definit,
935 971 1067 1036 per
1116 950 1624 1016 assistentiam
1677 949 2034 1031 divinam,
2078 948 2223 1033 ipsi
2281 949 2358 1013 in
2409 949 2626 1014 beato
2679 948 2908 1014 Petro

607 1075 1070 1160 promissam,
1129 1097 1215 1143 ea
1279 1076 1836 1143 infallibilitate
1900 1076 2134 1160 pollet
2198 1095 2348 1162 qua
2405 1075 2710 1141 divinus
2763 1075 2905 1141 Re·

608 1199 951 1286 demptor
982 1202 1388 1268 Ecclesiam
1424 1223 1634 1267 suam
1671 1202 1749 1267 in
1784 1201 2209 1268 definienda
2258 1201 2602 1267 doctrina
2635 1202 2727 1267 de
2760 1201 2909 1267 fide

613 1325 724 1391 vel
758 1326 1091 1393 moribus
1125 1327 1568 1394 instructam
1608 1348 1765 1393 esse
1799 1327 2163 1393 voluit.”1

1683 1539 1847 1587 XVI.

713 1686 759 1719 “
785 1680 970 1747 Pius
997 1681 1107 1747 IX
1118 1732 1163 1767 .,
1193 1688 1280 1748 ut
1306 1702 1462 1748 sese
1488 1682 2015 1767 opportunitas
2043 1682 2275 1765 dedit,
2306 1704 2400 1748 ex
2427 1684 2914 1769 opinionibus

611 1805 848 1891 falsiS‚
891 1827 1059 1894 quae
1122 1807 1448 1873 maxime
1505 1809 1747 1874 valere
1804 1808 2223 1893 coepissent‚
2281 1810 2535 1894 plures
2586 1812 2902 1893 notavit,

615 1933 1059 2020 easdemque
1081 1942 1339 2019 postea
1361 1934 1439 1999 in
1463 1954 1695 1999 unum
1720 1934 1882 2019 cogi
1904 1934 2153 2020 jussit,
2176 1940 2262 2000 ut
2285 1935 2572 2003 scilicet
2593 1936 2671 2002 in
2695 1945 2913 2004 tanta
2961 1965 2969 1973 ·

581 2102 587 2107 -
617 2080 945 2127 errorum
1000 2060 1419 2127 colluvione
1472 2060 1833 2128 haberent
1885 2061 2260 2128 Catholici
2315 2061 2652 2130 homines
2709 2066 2913 2151 quod

615 2186 775 2252 sine
807 2185 1213 2253 offensione
1247 2193 1753 2272 sequerentur.
1767 2187 1782 2218 ’
1798 2187 1813 2218 ’
1826 2189 1858 2239 2

1665 2385 1864 2432 XVII.

719 2535 765 2567 ‘⁶
785 2528 1035 2595 Princi
1046 2534 1269 2613 patus
1292 2528 1540 2595 civilis
1559 2528 1880 2595 Romani
1899 2527 2292 2594 Pontificis
2315 2528 2432 2594 illi
2456 2535 2915 2601 necessarius

621 2659 735 2721 est
774 2663 855 2721 ut
887 2654 1085 2723 idem
1121 2654 1312 2720 nulli
1349 2673 1680 2740 unquam
1733 2653 2061 2738 principi
2113 2661 2246 2754 aut
2294 2654 2503 2738 civili
2555 2661 2912 2741 potestati

519 2853 526 2859 ,
621 2779 1002 2865 subJectus
1037 2799 1452 2864 supremam
1490 2779 1849 2845 dominici
1900 2778 2146 2864 gregis
2181 2778 2506 2845 universi
2558 2785 2913 2866 pascendi

618 2906 1072 2992 regendique
1104 2911 1546 2991 potestatem
1585 2905 2261 2991 auctoritatemque
2288 2906 2381 2971 ab
2415 2905 2580 2991 ipso
2615 2908 2915 2976 Christo

622 3031 944 3098 Domino
994 3030 1364 3097 divinitus
1417 3037 1792 3115 acceptam
1852 3050 1980 3115 per
2032 3030 2451 3097 universam
2506 3031 2909 3101 Ecclesiam

622 3156 1062 3242 plenissima
1096 3156 1442 3222 libertate
1475 3176 1834 3237 exercere,
1878 3175 1962 3221 ac
1996 3155 2263 3240 majori
2299 3157 2631 3241 ejusdem
2670 3158 2910 3226 Eccle-

624 3281 779 3349 siae
811 3288 887 3348 et
935 3281 1265 3347 fidelium
1318 3280 1642 3347 utilitati
1696 3300 1779 3346 ac
1829 3279 2275 3363 indigentiis
2324 3301 2703 3348 occurrere
2751 3304 2912 3369 pos-

623 3407 850 3474 sit.’'3

1656 3515 1888 3563 xv111.

717 3676 927 3743 Libri
985 3675 1635 3743 deuterocanonici
1671 3674 1764 3743 V.
1807 3675 1886 3739 T.
1937 3675 2278 3759 quamvis
2327 3695 2475 3740 non
2521 3676 2806 3744 fuerint
2839 3680 2914 3744 in

627 3822 978 3870 canonem
1008 3801 1646 3869 Palaestinensem
1673 3800 1914 3883 relati,
1946 3800 2024 3865 in
2058 3820 2327 3884 magno
2362 3808 2606 3867 tamen
2646 3802 2917 3870 honore

623 3929 826 4015 apud
860 3928 907 3996 J
914 3930 1190 3995 udaeos
1225 3927 1825 3995 Palaestinenses
1859 3926 2100 3993 habiti
2139 3934 2336 3993 sunt.

790 4178 988 4228 'Cone
1019 4174 1208 4225 Vatia
1241 4175 1440 4226 Const.
1475 4172 1686 4224 Pastor
1708 4174 1975 4231 ceterum,
2006 4174 2147 4238 Cap.
2180 4174 2276 4224 IV.

792 4262 941 4314 'Leo
965 4260 1134 4309 XIII.
1164 4257 1405 4322 Encycl.
1440 4255 1779 4308 Immortale
1804 4256 1937 4307 Dei.

789 4342 954 4394 ³Pius
981 4344 1084 4394 IX.
1115 4340 1230 4392 All.
1263 4339 1536 4391 ,Μακέντα
1562 4339 1806 4406 quidem,
1833 4356 1866 4406 9
1895 4338 2076 4405 ⁸Tunii,
2110 4339 2251 4392 1862.
