3125 5317
818 540 860 601 12

777 754 890 804 XXXL

310 895 556 964 “Secundum
574 895 784 963 naturalem
801 896 970 964 ordinem
987 918 1035 967 ex
1063 897 1194 967 divina
1209 899 1409 986 providen-

259 1022 314 1089 tia
326 1019 558 1104 institutum,
572 1039 631 1087 res
641 1017 838 1087 inferiores
855 992 944 1088 sunt
954 1020 1150 1091 ordinatae
1162 1022 1212 1090 ad
1222 1023 1292 1091 hoc
1303 1022 1408 1110 quod

260 1167 308 1215 ex
318 1146 379 1214 his
389 1144 639 1214 subveniatur
655 1144 851 1213 hominum
862 1146 1089 1215 necessitati.
1118 1147 1167 1216 st
1178 1148 1261 1216 ideo
1272 1168 1338 1234 per
1353 1168 1410 1215 re·

260 1293 342 1340 rum
367 1272 591 1340 divisionem
625 1277 663 1339 et
689 1271 1034 1357 appropriationem
1060 1294 1108 1341 ex
1133 1274 1215 1361 jure
1241 1274 1408 1341 humano

261 1398 532 1486 procedentem,
553 1415 628 1464 non
652 1395 860 1483 impeditur
885 1397 978 1483 quin
1004 1397 1168 1466 hominis
1194 1397 1412 1466 necessitati

261 1521 555 1592 subveniendum
567 1521 675 1589 silex
688 1520 906 1608 hujusmodi
918 1522 1038 1590 rebus.
1090 1522 1139 1590 Et
1149 1523 1233 1591 ideo
1244 1542 1301 1590 res
1314 1542 1414 1609 quas

262 1649 383 1736 aliqui
401 1646 752 1733 superabundanter
767 1646 919 1729 habent,
940 1666 987 1713 ex
1004 1647 1170 1714 naturali
1182 1648 1264 1734 jure
1275 1646 1413 1714 deben-

264 1782 327 1843 tur
343 1792 551 1861 pauperum
568 1770 879 1839 sustentationi.''
896 1774 909 1822 1

775 1966 904 2014 XXXH.

314 2135 338 2167 “
350 2126 374 2195 J
376 2126 466 2194 ubet
482 2124 655 2212 aequitas
672 2144 798 2191 curam
815 2124 862 2191 de
877 2124 1080 2209 proletario
1097 2124 1246 2211 publice
1262 2124 1340 2211 geri
1368 2128 1416 2191 ut

262 2275 310 2323 ex
337 2274 392 2335 eo,
412 2252 513 2339 quod
531 2251 571 2318 in
588 2270 819 2318 communem
844 2250 954 2318 affert
982 2250 1200 2336 utilitatem,
1221 2250 1414 2337 percipiat

262 2381 343 2468 ipse
374 2377 533 2464 aliquid,
564 2381 607 2443 ut
638 2381 770 2457 tectus,
804 2382 847 2443 ut
873 2376 1043 2459 vestitus,
1064 2381 1109 2444 ut
1136 2377 1263 2444 salvus
1291 2376 1415 2444 vitam

262 2506 422 2574 tolerare
438 2502 563 2569 minus
579 2520 687 2587 aegre
703 2500 834 2586 possit.
879 2499 986 2567 Unde
1011 2500 1262 2587 consequitur,
1284 2500 1415 2568 faven-

263 2632 354 2699 dum
370 2630 480 2697 rebus
496 2626 670 2695 omnibus
682 2646 761 2693 esse
778 2645 874 2712 quae
891 2624 1099 2693 conditioni
1126 2624 1300 2712 opificum
1318 2644 1413 2712 quo-

264 2777 339 2845 quo
355 2754 465 2822 modo
481 2751 682 2819 videantur
698 2750 958 2837 profuturae.''
976 2753 992 2801 2

765 2964 912 3012 XXXIII.

313 3111 417 3177 Licet
441 3108 604 3175 maxime
632 3106 927 3173 commendanda
956 3106 1007 3173 sit
1036 3108 1174 3174 caritas
1207 3109 1358 3193 privata
1375 3120 1416 3177 et

265 3234 484 3322 personalis,
505 3232 632 3319 negari
650 3250 724 3298 non
741 3238 865 3317 potest
894 3232 1012 3299 statui
1041 3232 1155 3299 etiam
1181 3232 1412 3320 incumbere,

266 3360 397 3428 ordine
425 3378 503 3441 suc,
539 3355 806 3443 obligationem
835 3356 1081 3423 subveniendi
1113 3357 1282 3442 miseris3
1328 3360 1418 3427 “ad

265 3485 403 3553 bonum
420 3483 518 3550 enim
536 3480 700 3565 regimen
717 3481 881 3566 pertinet
907 3488 950 3549 ut
976 3482 1022 3549 de
1051 3483 1238 3550 communi
1265 3485 1417 3551 aerario

265 3609 518 3696 provideatur,
535 3626 601 3691 per
611 3606 819 3692 principem
836 3606 903 3693 qui
914 3607 1065 3692 praesit,
1080 3607 1303 3694 indigentiis
1320 3629 1417 3694 pau·

265 3735 462 3820 perum.’'3

768 3842 909 3890 xxxrv.

312 4002 580 4089 Unusquisque
609 4000 719 4068 homo
746 4002 830 4088 jure
857 4002 998 4087 gaudet
1015 4002 1130 4069 vitam
1156 4004 1281 4069 labore
1298 4024 1415 4090 quae-

266 4127 387 4204 rendi;
411 4128 473 4214 jus
490 4136 615 4193 autem
633 4125 741 4209 illud,
757 4126 845 4192 licet
862 4131 1031 4194 anatura
1042 4127 1140 4194 citet
1152 4128 1413 4216 primordiale,

270 4272 555 4280 ——nm—---...
566 4271 653 4277 ..----
692 4272 730 4277 ..-.
739 4272 758 4277 --
770 4272 776 4276 -
784 4272 800 4277 -.
821 4272 827 4277 .
837 4272 853 4278 ,ι
873 4272 998 4279 -—..--.-....
1010 4272 1337 4281 ...--—-—-.........--—.---
1345 4276 1395 4284 -...

293 4339 301 4361 ¹
312 4337 332 4378 8.
342 4336 384 4378 'Ila
394 4338 435 4384 2·2‚
442 4338 499 4386 qod,
509 4346 530 4375 s.
541 4336 559 4376 7.

292 4404 358 4446 ¹ico
365 4402 430 4450 lilll,
441 4402 497 4443 Euo.
509 4402 601 4445 Rerum
611 4403 743 4445 evocamur·

293 4471 346 4514 ’Dc
355 4470 446 4521 [lecim.
454 4470 538 4512 Prirw.
550 4470 599 4510 llb.
610 4471 633 4511 ll
643 4480 694 4520 (rap.
706 4472 735 4510 15.
