3125 5317
990 446 1034 511 7

0 620 388 686 Ecclesiam
416 640 571 687 non
599 620 829 687 habet
854 626 1191 687 matrem.
1299 620 1376 686 Si
1401 620 1657 705 potuit
1681 621 1994 687 evadere
2018 621 2215 706 quis-

27 735 240 795 extra
300 750 560 795 arcam
615 729 777 795 Noe
809 728 985 811 fuit,
1026 735 1103 795 et
1158 728 1288 814 qui
1339 735 1553 795 extra
1591 729 1997 795 Ecclesiam
2035 729 2219 793 furis

0 843 62 916 .t‚
103 838 401 904 evadet.
416 838 433 870 ’
449 839 466 867 ’
492 839 512 878 ¹

939 945 1094 997 XVI.

0 1064 46 1131 ei
81 1065 389 1131 verbum
447 1070 885 1150 pervertunt
937 1062 1476 1146 ProtestanteS,
1520 1065 1898 1149 duplicem
1950 1065 2215 1131 distin-

0 1181 122 1240 .tes
166 1173 456 1241 Christi
495 1173 929 1254 Ecclesiam,
972 1173 1284 1239 alteram
1321 1172 1718 1256 visibilem,
1761 1174 2211 1256 invisibilem

0 1304 147 1365 am,
192 1303 421 1348 uuam
460 1283 656 1348 euim
691 1302 1002 1367 eamque
1025 1281 1396 1347 visibilem
1433 1281 1839 1349 Ecclesiam
1881 1284 2223 1350 Salvator

4 1391 176 1457 tuit.

928 1497 1115 1550 XVII.

0 1601 245 1667 eclesia
278 1600 565 1669 Christi
604 1599 923 1667 societas
971 1608 1086 1666 est
1136 1599 1466 1684 perfecta
1503 1600 1625 1666 cui
1660 1600 1857 1668 inest
1890 1610 2219 1687 potestas

0 1710 128 1774 1'era
162 1709 577 1794 judiciaria
612 1715 687 1775 et
722 1708 1080 1775 coactiva.

912 1849 1129 1902 XVIII.

0 1953 304 2019 Romani
345 1952 772 2031 PontificeS,
819 1952 912 2017 ob
947 1951 1138 2017 hanc
1173 1972 1511 2018 caussam
1549 1954 1750 2039 quod
1787 1955 1890 2020 rei
1927 1957 2211 2021 christi-

0 2087 9 2125 9
58 2061 707 2127 administrandae
760 2060 1132 2125 divinitus
1182 2066 1439 2126 tenent
1473 2062 2006 2147 principatum,
2050 2087 2223 2133 suus

0 2191 123 2255 gre
179 2171 467 2254 legatos
502 2169 597 2235 ad
631 2175 891 2254 gentes
925 2169 1393 2254 populosque
1438 2170 1893 2238 christianos
1926 2174 2223 2241 mitten-v

0 2280 63 2344 lb
99 2279 369 2344 ultima
403 2277 864 2363 antiquitate
898 2279 1523 2343 consueve1·unt.'’
1545 2282 1572 2318 2

940 2418 1099 2470 XIX.

0 2522 261 2587 unium
318 2521 802 2588 scientiarum
841 2520 1340 2605 practicarum
1378 2522 1638 2606 regina
1672 2530 1786 2590 est
1818 2525 2219 2613 Theologia

0 2631 148 2712 alis,
208 2631 269 2695 si
329 2630 635 2715 quidem
694 2630 772 2695 in
830 2650 916 2696 ea
973 2639 1456 2714 exponuntur
1513 2631 1888 2717 principia
1944 2637 2219 2719 quihus

0 2762 57 2805 ·a
91 2739 420 2805 hominis
454 2738 808 2804 activitas
843 2738 921 2803 in
958 2738 1172 2803 finem
1211 2738 1560 2804 ultimum
1599 2740 1978 2827 dirigitur.

956 2879 1084 2932 XX.

0 2983 361 3065 istiuctae,
397 2982 573 3048 licet
599 2982 796 3047 inter
817 3003 893 3046 se
919 3001 1320 3062 connexae,
1352 2990 1528 3049 sunt
1560 2985 1896 3052 notiones
1927 2993 2215 3057 morali-

5 3144 21 3175 ,
92 3089 743 3176 imputabilitatiS,
818 3090 1544 3174 responsabilitatis:
1602 3103 1903 3160 actuum
1971 3109 2215 3165 autum

0 3201 228 3283 uitas,
306 3198 884 3283 imputabilitaS,
952 3200 1572 3283 responsabilitas
1642 3202 1957 3269 liberum
2028 3209 2213 3273 arhi-

0 3330 46 3374 n
84 3309 163 3374 in
198 3320 469 3394 agente
506 3317 1145 3392 praesupponunt.

941 3465 1101 3517 XXI.

0 3570 518 3635 indamentum
573 3567 1028 3633 moralitatis
1082 3588 1210 3633 seu
1266 3569 1460 3635 ratio
1515 3570 1979 3640 discriminis
2031 3576 2223 3645 inu-1-

0 3699 183 3744 »nem
240 3678 509 3743 bonam
564 3682 638 3741 et
694 3677 987 3754 malam,
1033 3676 1415 3742 honestam
1465 3685 1539 3743 et
1590 3687 1904 3765 turpem,
1967 3693 2219 3771 reponi.

5 3794 58 3868 t,
100 3785 447 3871 proxime
482 3785 782 3871 quidem
823 3784 898 3849 in
939 3784 1266 3851 humana
1316 3794 1588 3852 natura
1623 3792 1987 3875 complete
2023 3817 2215 3880 sluw.

43 3896 383 3980 adeoque
447 3894 525 3959 in
584 3894 729 3959 fine
774 3915 818 3959 a
870 3893 1216 3960 Creatore
1268 3896 1549 3961 homini
1590 3901 2074 3986 praefflfripto,
2123 3929 2195 3969 w

0 4029 11 4069 ε
45 4010 299 4070 autem
336 4002 413 4067 in
450 4008 723 4068 natura
750 4001 1033 4083 divina,
1069 4010 1441 4087 quatenus
1477 4012 1590 4070 est
1625 4007 2016 4076 absolutus
2044 4017 2223 4078 orsic-

0 4112 339 4178 abilium.

0 4255 148 4319 L'ypr.
182 4255 248 4303 de
286 4252 498 4304 Lfnitule
524 4253 805 4311 Ecclesiae,
842 4254 971 4316 Cap.
1023 4252 1108 4302 VI.

0 4337 84 4389 Leo
112 4335 292 4388 XIII.
367 4336 502 4389 Euo.
534 4335 884 4400 Lonyinqua.
