3125 5317
531 1443 534 1448 ’
608 1444 925 1562 THESES.

750 1714 777 1761 1.

222 1871 371 1938 Ethiea
393 1871 545 1938 definiri
568 1877 693 1956 potest
712 1870 872 1937 scientia
887 1870 1033 1937 ordinis
1050 1870 1223 1938 moralis:
1250 1872 1342 1939 ordo

174 2003 310 2063 autem
327 1998 489 2064 moralis
504 1996 650 2081 passive
666 2002 705 2063 et
720 1996 887 2081 pressius
911 2002 1084 2081 sumptus
1104 2003 1163 2063 est
1179 1997 1343 2064 hominis

176 2122 230 2188 ad
248 2122 378 2189 Deum
392 2143 501 2189 sunm
520 2121 748 2207 principium
766 2120 911 2205 relatio,
934 2126 1012 2188 turn
1031 2121 1250 2190 immediata
1262 2127 1342 2190 turn

176 2247 381 2328 mediata3
406 2247 528 2313 active
543 2267 628 2313 vero
644 2252 683 2313 et
698 2245 817 2313 latius
837 2251 1012 2331 acceptus
1038 2250 1096 2313 cst
1119 2247 1342 2315 conveniens

176 2371 385 2439 hominum
417 2370 457 2438 in
491 2370 610 2437 Deum
638 2372 798 2439 directio
826 2392 891 2437 seu
923 2371 1100 2455 redactis,
1137 2373 1340 2440 secundum

175 2517 316 2563 eorum
334 2497 384 2563 ad
401 2496 527 2582 ipsum
544 2496 756 2564 relationes.

742 2691 785 2738 11.

229 2848 338 2916 Ordo
354 2847 510 2915 moralis
526 2848 667 2933 duplex
683 2855 751 2929 est,
769 2848 956 2915 naturalis
972 2854 1010 2915 et
1026 2850 1338 2934 supernaturalis:

178 2974 380 3042 naturalis
396 2974 436 3040 in
453 2981 590 3041 natura
606 2973 770 3040 hominis
793 2972 987 3055 fundatur,
1008 2979 1122 3060 atque
1139 2974 1342 3059 capacitati

178 3108 225 3168 et
249 3099 470 3185 exigentiae
493 3103 651 3166 naturae
675 3098 952 3183 correspondet3
977 3100 1277 3183 supernaturalis
1301 3100 1340 3166 in

180 3226 313 3292 libero
329 3224 401 3290 Dei
418 3223 654 3309 heneplacito
670 3223 820 3305 nititur,
845 3229 958 3309 atque
975 3222 1221 3308 capacitatem
1239 3224 1342 3292 debi-

183 3358 350 3436 tumque
367 3355 523 3415 naturae
544 3349 730 3415 hnmanae
754 3348 998 3415 transcendit.
1052 3348 1217 3417 Scientia
1242 3350 1341 3417 ordi·

182 3476 248 3541 nis
290 3473 446 3541 moralis
483 3479 541 3539 est
579 3472 822 3558 philosophia
864 3473 1025 3557 moralis,
1066 3475 1225 3542 scientia
1256 3496 1342 3543 vero

183 3599 340 3668 ordinis
358 3597 509 3665 moralis
525 3597 827 3683 supernaturalis
843 3604 900 3665 est
917 3598 1108 3685 theologia
1125 3600 1288 3668 moralis.

735 3808 794 3856 111.

231 3953 364 4021 Datur
389 3950 539 4036 proprie
564 3950 668 4017 dicta
692 3951 753 4017 lex
774 3950 961 4017 naturalis
977 3954 1016 4017 et
1031 3953 1180 4037 proprie
1196 3952 1342 4019 dietum

180 4082 247 4167 jus
288 4078 487 4145 naturale:
529 4077 688 4163 ideoque
718 4077 947 4164 rejiciendus
986 4082 1043 4143 est
1082 4078 1342 4164 positivismus

99 4205 345 4274 &moralis
362 4210 445 4271 tum
469 4201 665 4290 juridicus.

734 4328 789 4376 rv.

221 4490 288 4559 Ab
304 4486 450 4557 ordine
472 4486 604 4553 morali
629 4486 794 4573 separari
813 4486 945 4575 nequit
961 4486 1052 4555 ordo
1069 4487 1338 4557 oeconomicus.
