3125 5317
348 683 363 710 ο
693 658 733 717 ll

101 830 350 909 sacramenta,
369 826 436 892 sed
453 847 582 893 verum
599 834 725 895 manet
737 829 839 913 quod
852 828 1178 913 Apostolusdooet
1194 827 1307 914 (Eph.

112 930 181 1014 IV,
195 934 233 1017 5)
255 939 393 1000 “unus
403 935 601 1018 Dominus,
622 957 698 1003 una
714 935 818 1020 fides,
839 957 956 1003 unum
972 936 1203 1022 baptisma.”

625 1079 739 1126 XXXV
741 1079 803 1126 III.

152 1183 374 1269 Subiectum
397 1184 662 1252 Eucharistiae
686 1186 950 1271 suscipiendae
963 1193 1019 1252 est
1035 1186 1146 1253 homo
1163 1186 1202 1250 1ο
1220 1186 1310 1270 bap-

107 1291 257 1374 tizatus,
279 1292 320 1358 20
338 1294 478 1379 justus.

642 1404 784 1451 XXXIX.

154 1508 266 1574 Omni
283 1517 388 1576 caret
403 1510 527 1578 solido
552 1510 799 1578 fundamento
827 1511 956 1596 opinio
982 1530 1150 1578 asserens
1177 1529 1312 1596 pueros

110 1636 217 1682 usum
227 1617 391 1684 rationis
403 1619 570 1687 nondum
584 1620 742 1704 adeptos
754 1619 926 1686 effectum
941 1619 1134 1704 proprium
1147 1618 1310 1685 Euchar-

110 1724 220 1792 istiae
241 1727 470 1794 sacramenti
494 1727 672 1813 consequi
690 1748 763 1794 non
780 1748 900 1813 posse,
921 1728 1011 1794 licet
1039 1733 1311 1794 sacramentum

110 1833 180 1902 hoo
204 1835 384 1919 prodesse
406 1835 461 1902 eis
487 1836 609 1920 possit
634 1835 684 1902 ad
711 1836 843 1918 instar,
874 1842 917 1902 ut
942 1836 1061 1918 aiunt,
1092 1855 1211 1922 aquae
1237 1835 1311 1901 lus-

110 1943 230 2010 tralis.

681 2055 744 2102 nn.

156 2159 369 2246 Sacrilegae
384 2161 658 2228 communionis
673 2162 707 2228 si
723 2181 807 2227 cum
825 2161 983 2248 indigna
1007 2161 1165 2227 aliorum
1191 2181 1311 2228 sacra-

109 2276 319 2335 mentorum
345 2270 582 2355 susceptione
605 2277 850 2354 comparetur,
872 2270 969 2336 ratio
993 2269 1146 2355 propria
1171 2289 1252 2335 cum
1274 2269 1307 2335 S.

109 2376 252 2444 Thomu
276 2379 453 2463 ponenda
477 2385 536 2444 est
552 2379 589 2443 iu
618 2378 795 2463 eoquod
823 2378 978 2463 indigne
1002 2378 1210 2462 suscipiens
1227 2398 1310 2442 oum

110 2487 291 2553 sumendo
322 2487 548 2572 “significet
572 2507 612 2554 se
637 2506 717 2554 esse
742 2486 894 2554 Christo
919 2487 1067 2553 unitum
1085 2494 1122 2553 et
1137 2487 1313 2552 membris

109 2595 193 2680 ejus
208 2595 490 2679 incorporatum
539 2647 547 2660 .
601 2646 608 2660 .
662 2647 670 2660 .
720 2594 928 2661 falsitatem
947 2595 984 2660 in
1010 2594 1081 2662 hoc
1105 2614 1310 2661 sacramen-

107 2711 190 2768 tum
206 2703 413 2770 committit
429 2711 467 2769 et
482 2723 526 2768 eo
543 2702 703 2769 incurrit
719 2703 1022 2788 sacrilegium.”¹

669 2846 749 2893 XLI.

158 2953 264 3020 Licet
279 2974 347 3038 per
363 2974 402 3020 se
419 2952 681 3020 Eucharistiae
698 2961 970 3019 sacramentum
999 2974 1073 3020 non
1089 2953 1142 3020 sit
1158 2953 1309 3019 institu-

110 3069 191 3130 tum
208 3062 258 3128 ad
275 3062 437 3129 delenda
461 3068 616 3147 peccata
639 3061 825 3140 mortalia,
848 3070 972 3128 tamen
999 3062 1102 3128 haud
1127 3062 1311 3146 improba-

108 3171 239 3238 biliter
256 3191 340 3236 cum
369 3170 403 3236 S.
433 3170 575 3236 Thoma
591 3179 629 3236 et
646 3171 733 3236 aliis
749 3171 865 3236 asseri
892 3179 1027 3254 potest,
1049 3191 1115 3256 per
1140 3170 1312 3237 accidens

108 3280 190 3346 fieri
206 3300 327 3364 posse,
349 3278 615 3364 utaliquando
632 3278 792 3344 deleat²

664 3422 760 3468 XLII.

162 3529 311 3595 “Nihil
330 3529 450 3614 magis
467 3528 643 3595 abhorret
660 3550 682 3595 a
699 3529 857 3595 veritate
875 3549 986 3614 quam
1005 3551 1084 3598 esse
1107 3552 1313 3599 sacramen-

110 3645 191 3705 tum
208 3637 443 3704 matrimonii
467 3637 580 3704 decus
597 3633 787 3722 quoddam
811 3638 1044 3725 adjunctum,
1067 3649 1134 3706 aut
1150 3641 1314 3726 proprie-

110 3755 225 3814 tatem
243 3748 431 3831 allapsam
447 3746 694 3826 extrinsecus,
714 3767 811 3832 quae
828 3768 849 3813 a
867 3757 1063 3815 contractu
1082 3750 1253 3838 disjungi
1273 3773 1316 3818 ac

112 3857 299 3942 disparari
317 3855 513 3921 hominum
531 3854 717 3920 arbitratu
736 3856 918 3941 queat.'’³

656 3998 771 4045 XLIII.

159 4108 215 4173 Ex
232 4105 560 4191 inseparabilitate
577 4112 794 4172 contractus
810 4113 848 4172 et
865 4110 1092 4177 sacramenti
1118 4112 1158 4178 in
1187 4113 1315 4179 matri-

114 4216 236 4283 monio
262 4214 481 4283 Christiano
505 4213 688 4298 sequitur,
709 4214 926 4281 ministrum
944 4221 1170 4288 sacramenti
1188 4223 1315 4289 matri·

116 4325 229 4391 monii
244 4344 319 4391 non
336 4343 417 4389 esse
433 4322 675 4403 sacerdotem,
697 4323 761 4388 sed
779 4323 882 4408 ipsos
902 4329 1169 4398 contrahentes
1185 4340 1317 4399 mutuo

117 4433 185 4499 sibi
212 4432 281 4499 hoc
307 4439 581 4498 sacramentum
607 4430 930 4516 administrantes,
953 4435 1075 4521 ipsius
1093 4460 1172 4506 esse
1189 4441 1316 4510 minis·

118 4552 203 4608 tros.

185 4683 234 4734 ¹St.
252 4682 346 4734 Thom.
361 4680 421 4740 ΙΙΙ,
434 4697 458 4745 q.
473 4682 514 4740 80,
528 4687 581 4731 art.
596 4686 620 4732 4.

186 4767 224 4818 ²8.
243 4766 336 4818 Thom.
351 4765 422 4822 ΙΙΙ..
436 4781 460 4829 q.
475 4766 517 4826 ta,
530 4770 584 4816 art.
600 4766 624 4814 3.

186 4849 293 4901 wne
306 4848 393 4900 XIII.
411 4848 519 4912 Eucycl.
536 4853 554 4872 ⁴·
566 4848 747 4900 Arcanum.''
