3125 5317
867 551 911 628 la

802 772 958 820 xxxvn.

352 876 527 960 Cognitio
567 897 700 944 causae
740 876 931 944 Bonifacii
972 879 1081 948 VIII.
1125 880 1324 948 fortissimi
1365 896 1460 968 pon·

305 1002 419 1069 tiliois
444 1023 466 1069 a
492 1002 672 1089 Philippo
701 1004 797 1070 falso
823 1005 1000 1090 accusati,
1033 1006 1258 1074 Clementem
1284 1006 1331 1076 V.
1360 1009 1459 1094 regis

304 1128 468 1214 protervi
494 1129 731 1216 arrogantiae
747 1129 834 1215 plus
852 1150 970 1215 aequo
987 1130 1191 1198 indulsisse
1207 1132 1450 1200 demonstrat.

789 1291 964 1341 XXXVIII.

350 1415 571 1501 Suppressi0
588 1415 883 1500 Templariorum
901 1436 975 1484 non
999 1418 1174 1503 juridicis
1190 1418 1255 1485 sed
1272 1418 1456 1487 utilitatis

304 1539 516 1606 rationibus
533 1539 779 1607 innitebatur.

807 1651 948 1700 xxxix.

350 1772 514 1840 Ioannes
542 1773 665 1840 XXII.
696 1773 883 1859 privatam
910 1796 1014 1842 sunm
1042 1775 1255 1844 derisione
1282 1778 1457 1846 beatifica

303 1897 515 1982 opinionem
536 1918 794 1984 nunquam-ex
810 1899 990 1967 cathedra
1005 1900 1279 1986 pronuntiavit.

846 2059 908 2107 XL.

348 2181 618 2250 condemnatio
645 2189 765 2250 sectae
803 2184 1140 2269 “spiritualium’'
1171 2206 1237 2272 per
1269 2186 1455 2254 Joannem

304 2306 428 2374 XXII.
451 2308 550 2374 iacta
575 2309 678 2393 justa
694 2309 857 2392 omnino,
879 2309 954 2376 imo
971 2311 1177 2377 necessaria
1194 2310 1281 2377 fuit.

836 2471 916 2518 xm.

348 2577 491 2646 Electio
518 2577 674 2643 Martini
701 2576 747 2646 V.
785 2577 825 2643 in
854 2577 1012 2645 concilio
1041 2558 1320 2647 Constantiensi
1350 2580 1453 2647 facta

302 2703 454 2768 omnino
472 2702 641 2787 legitIma
657 2703 744 2770 luit.

830 2814 926 2862 xmr.

348 2935 459 3002 Haud
494 2936 574 3002 sine
606 2937 784 3022 gravibus
809 2939 1031 3021 rationibus
1061 2946 1101 3005 at
1126 2938 1237 3006 simul
1263 2959 1337 3006 non
1371 2939 1454 3008 sine

301 3081 436 3145 magno
461 3061 648 3129 Ecclesiae
680 3064 914 3133 incommodo
946 3066 1089 3133 factum
1121 3072 1187 3150 est,
1218 3074 1260 3135 ut
1286 3068 1451 3134 Romani

303 3187 504 3255 Pontifices
521 3189 749 3257 Anemonem
769 3190 891 3257 sedern
909 3212 1015 3259 suurn
1033 3193 1310 3260 transtulerint.

820 3369 934 3418 XLIII.

350 3490 511 3558 Nomine
543 3493 772 3576 Angelorum
797 3495 914 3579 Apoo.
943 3493 972 3578 I,
1004 3497 1048 3560 20
1072 3500 1110 3560 et
1134 3494 1173 3560 ll
1202 3495 1354 3580 passim,
1378 3514 1455 3563 non

302 3616 541 3701 Intelligendi
567 3624 657 3684 sunt
672 3619 796 3703 angeli
825 3620 974 3704 proprie
992 3619 1097 3702 dicti,
1120 3627 1162 3687 ut
1178 3621 1311 3687 volunt
1327 3621 1453 3708 aliqui

302 3742 553 3826 recentioresl
573 3745 636 3810 sed
662 3745 902 3812 ecclesiarum
919 3745 1096 3831 episcopi.

821 3906 930 3954 XLIV.

348 4029 406 4095 Ex
431 4029 532 4096 Phil.
562 4029 590 4109 Ι,
621 4035 655 4112 1;
681 4035 719 4096 et
735 4030 896 4097 Timoth.
919 4030 987 4114 III,
1009 4036 1108 4114 1-10‚
1138 4031 1191 4098 nil
1211 4032 1453 4100 concluditur

302 4161 432 4220 contra
457 4154 707 4220 hierarcluam
732 4155 877 4221 ordinis
902 4177 924 4222 a
949 4136 1118 4224 Concilio
1143 4157 1362 4224 Tridentino
1388 4157 1450 4224 de-

302 4279 459 4346 finitam.
518 4333 519 4338 .

302 4411 345 4416 Ἄ.
409 4412 451 4416 ---
468 4409 787 4417 --..—..-——...--.-.—

339 4459 457 4520 'Reuss;
469 4441 500 4508 in
509 4457 538 4508 h.
550 4458 570 4508 l.
