3125 5317
855 653 875 715 6

290 832 539 899 nihilominus
580 833 660 899 sine
692 833 845 917 speciali
889 832 958 897 Dei
1001 832 1146 898 auxilio
1183 832 1328 898 laborat
1369 830 1439 895 im·

285 958 457 1043 potentia
499 958 629 1024 morali
670 958 719 1024 ad
752 964 869 1024 totam
913 959 1027 1042 legem
1061 958 1269 1023 naturalem
1312 957 1422 1023 obser

286 1084 458 1166 vendam,
479 1089 518 1150 et
541 1083 784 1172 quantumvis
809 1082 991 1168 proficiat,
1018 1080 1228 1149 defectibus
1252 1088 1290 1149 et
1314 1080 1441 1165 culpis

288 1229 433 1295 semper
449 1208 635 1275 obnoxius
652 1215 788 1275 manet.

823 1386 861 1432 V.

334 1516 530 1584 Profectus
556 1515 673 1597 illius,
695 1517 759 1605 qui
788 1518 866 1602 lege
883 1517 1061 1600 naturali,
1090 1517 1249 1583 maxime
1266 1536 1351 1582 vero
1376 1535 1441 1581 su-

218 1719 221 1726 ,
288 1643 523 1728 pernaturali
533 1649 732 1727 praecepto
743 1643 949 1721 unicuique
966 1642 1108 1709 homini
1122 1641 1322 1709 individuo
1334 1660 1440 1726 prae·

288 1767 477 1848 scribitur,
498 1767 681 1834 terminus
699 1786 772 1833 non
790 1776 847 1834 est
865 1768 905 1833 in
923 1767 992 1834 hac
1011 1767 1090 1834 vita
1113 1766 1277 1847 mortali,
1307 1766 1370 1832 sed
1397 1766 1441 1831 in

288 1893 406 1960 altera
422 1892 501 1959 vita
518 1900 669 1959 aeterna
680 1892 861 1959 habetur:
889 1892 1044 1975 scilicet,
1064 1894 1191 1979 “quod
1208 1900 1343 1959 natura
1354 1891 1442 1977 ipsa

287 2019 510 2085 admonente
542 2017 757 2100 didicimus,
788 2018 887 2084 idem
912 2019 1049 2103 dogma
1083 2026 1140 2085 est
1172 2016 1437 2098 christianum,

287 2162 361 2229 quo
378 2141 476 2209 ratio
493 2150 530 2209 et
547 2141 769 2209 constitutio
787 2146 868 2209 tota
883 2142 1078 2229 religionis
1096 2150 1273 2231 tanquam
1300 2140 1441 2209 funda·

287 2272 412 2335 mento
436 2267 606 2353 principe
628 2266 777 2351 nititur,
799 2288 883 2333 cum
908 2288 952 2335 ex
977 2268 1047 2335 hac
1064 2268 1144 2335 vita
1167 2266 1442 2334 excesserimus

286 2397 377 2460 tunc
393 2412 476 2459 vere
493 2412 560 2459 nos
577 2412 656 2459 esse
673 2393 900 2459 victuros.'’1

835 2588 888 2636 VI.

332 2712 438 2778 Licet
469 2711 662 2779 hominum
695 2711 863 2779 conditio
903 2712 1112 2780 materialis
1146 2712 1303 2780 decursu
1343 2720 1439 2780 tem-

286 2858 417 2923 porum
435 2838 640 2923 generatim
657 2837 696 2903 in
711 2837 845 2903 melius
863 2857 968 2904 versa
984 2838 1110 2921 fuerit,
1128 2844 1166 2903 et
1183 2838 1341 2904 ulterius
1354 2859 1439 2923 per-

285 2962 445 3029 ficienda
473 2968 653 3047 speretur,
691 2962 940 3029 nihilominus
977 2964 1088 3029 “finis
1121 2963 1367 3030 acerbitatum
1398 2968 1441 3031 et

285 3087 455 3154 dolorum
473 3087 513 3153 in
530 3087 640 3153 terris
657 3087 785 3153 nullus
802 3098 858 3155 est
875 3088 1038 3169 futurus,
1060 3089 1150 3178 qnia
1166 3091 1265 3155 mala
1291 3090 1440 3174 peccati

285 3212 517 3280 consectaria
533 3232 666 3296 aspera
682 3212 730 3278 ad
748 3213 986 3279 tolerandum
1003 3220 1104 3297 sunt,
1121 3214 1227 3297 dura,
1248 3214 1437 3281 difficilia:

285 3358 403 3424 eaque
435 3337 579 3403 bomini
606 3358 725 3425 usque
757 3338 806 3403 ad
839 3338 1015 3405 ultimum
1041 3338 1141 3405 vitae
1174 3340 1344 3406 comitari
1377 3346 1441 3405 est

284 3483 444 3530 necesse.
496 3463 629 3552 Itaque
653 3462 735 3547 pati
767 3468 806 3531 et
830 3465 976 3549 perpeti
1004 3464 1207 3532 humanum
1233 3472 1301 3548 est,
1330 3472 1367 3531 et
1392 3472 1442 3531 ut

285 3587 455 3655 homines
478 3589 724 3674 experiantur
740 3608 783 3655 ac
798 3596 947 3657 tentent
971 3591 1107 3673 omnia,
1136 3590 1352 3657 istiusmodi
1378 3590 1438 3656 in-

284 3714 477 3781 commoda
500 3714 656 3781 evellere
680 3714 727 3779 ab
753 3714 918 3782 humano
950 3716 1123 3782 convictu
1151 3716 1303 3801 penitus
1326 3715 1438 3783 nulla

283 3839 333 3923 vi,
354 3840 459 3906 nulla
476 3846 557 3905 arte
573 3840 815 3925 poterunt.’'2

822 4034 892 4082 vrr.

328 4157 414 4225 Viri
448 4164 485 4224 et
517 4157 686 4223 mulieris
718 4158 934 4244 conjunctio
967 4160 1014 4225 ab
1047 4158 1130 4244 ipsa
1155 4167 1295 4226 natura
1329 4180 1435 4244 prae-

282 4283 434 4368 scripta,
456 4303 478 4349 a
502 4282 581 4349 Deo
606 4281 796 4365 instituta,
826 4305 848 4349 a
873 4283 1025 4351 Christo
1050 4284 1263 4351 instaurata
1288 4285 1435 4352 nullam

285 4412 541 4421 n—---—-—--———
552 4415 561 4419 -
572 4414 664 4419 -—---··
680 4414 1433 4432 —u-«u-n—-ww-ae—-n-—qv-‹vqnqu—p-——ffi-—ff-q-fl·

319 4461 326 4485 ¹
338 4459 413 4511 Eue.
426 4459 535 4510 Rerum
546 4459 706 4512 Novarum.

318 4546 327 4569 ¹
346 4542 419 4596 Ena.
433 4542 543 4597 ueram
553 4542 712 4598 Novarum.
