3125 5317
557 958 875 1075 THESES.

704 1211 730 1259 1.

158 1314 266 1383 Licet
282 1316 323 1383 in
340 1317 472 1383 ordine
485 1337 635 1403 quoque
648 1318 815 1385 naturali
828 1325 1020 1386 creaturae
1037 1337 1164 1385 omnes
1177 1319 1316 1387 ration-

117 1423 191 1489 ales
204 1423 431 1492 habuissent
445 1426 504 1491 vel
521 1425 659 1492 habere
675 1426 895 1493 debuissent
911 1428 1120 1493 naturalem
1138 1427 1314 1494 unionem

116 1552 196 1598 cum
209 1532 290 1600 Deo
306 1534 497 1619 principio
508 1540 547 1600 et
559 1534 642 1617 fine,
660 1541 774 1620 atque
787 1533 857 1601 hoc
867 1534 951 1619 ipso
964 1534 1063 1601 inter
1087 1556 1125 1603 se
1142 1534 1311 1619 invicem,

115 1646 237 1708 tamen
266 1649 437 1727 spectato
465 1664 536 1708 usu
554 1642 656 1709 vocis
681 1642 881 1726 Ecclesiae,
902 1664 976 1729 quo
1001 1643 1093 1710 haec
1110 1643 1159 1710 ad
1176 1643 1315 1729 signifi-

115 1750 272 1817 candam
316 1752 535 1818 societatem
575 1750 790 1837 religiosam
831 1750 975 1817 ordinis
1015 1751 1315 1837 supernaturalis

116 1866 339 1942 coarctatur,
354 1860 447 1927 ordo
459 1860 526 1926 ille
537 1859 808 1926 communionis
821 1859 1008 1927 naturalis
1020 1860 1148 1945 potins
1161 1881 1315 1948 regnum

116 1965 184 2033 Dei
202 1968 393 2036 creatoris
409 1988 523 2054 quam
540 1967 612 2034 Dei
629 1967 797 2034 Ecclesia
814 1976 911 2035 esset
927 1969 1188 2054 appellandus.

693 2128 737 2175 11.

157 2238 260 2305 Deus
289 2235 456 2304 hominis
484 2235 640 2304 Creator
664 2235 777 2301 simul
807 2235 974 2302 existens
990 2241 1029 2302 et
1045 2236 1308 2321 sanctificator,

113 2354 268 2413 naturae
296 2346 470 2413 conditor
486 2351 524 2412 et
539 2344 685 2431 gratiae
709 2343 877 2431 largitor,
898 2344 945 2410 ab
962 2343 1074 2411 initio
1089 2344 1204 2411 etiam
1229 2366 1311 2413 con-

114 2456 241 2522 stituit
275 2454 495 2536 Ecclesiam,
524 2452 741 2519 societatem
765 2452 910 2519 scilicet
941 2452 1154 2537 religiosam
1186 2474 1310 2539 super-

115 2565 333 2631 naturalem.

683 2687 744 2736 111.

157 2800 249 2868 (lum
267 2818 395 2866 omnes
412 2796 591 2880 homines,
608 2794 709 2861 sicut
721 2795 924 2862 secundum
939 2800 1112 2862 naturam
1125 2816 1173 2863 ex
1189 2797 1310 2882 primo

114 2908 257 2975 Adamo
282 2912 491 2973 nascuntur
517 2904 588 2970 filii
605 2904 684 2970 irae
700 2903 740 2968 in
764 2910 868 2969 statu
894 2904 1011 2989 lapso,
1032 2904 1087 2971 ita
1114 2926 1162 2972 ex
1186 2906 1311 2992 gratia

114 3015 379 3102 redemptionis
406 3013 570 3080 secundo
598 3013 746 3079 Adamo
773 3011 963 3079 inserendi
992 3012 1069 3080 sint
1093 3034 1158 3099 per
1182 3014 1304 3101 fidem,

113 3146 209 3211 spem
241 3133 280 3192 et
312 3122 547 3204 charitatem,
577 3120 625 3186 ad
657 3121 943 3206 supernaturale
975 3142 1128 3208 regnum
1162 3144 1227 3189 seu
1260 3126 1310 3192 ad

113 3233 311 3300 Ecclesiam
329 3236 501 3317 spectent
515 3234 674 3313 oportet.

677 3388 733 3437 1v.

156 3503 258 3569 Sicut
285 3498 492 3588 generatim
520 3497 561 3562 in
578 3496 792 3563 oeconomia
818 3496 1059 3565 revelationis
1075 3500 1222 3585 generis
1239 3500 1306 3569 hu-

114 3613 206 3679 mani
223 3631 289 3697 per
305 3608 500 3677 Christum
516 3605 659 3689 triplex
674 3605 794 3670 veluti
810 3605 976 3671 stadium
994 3606 1097 3674 Deus
1113 3608 1303 3697 discrevit,

112 3721 208 3788 aliud
219 3720 295 3786 alio
301 3715 518 3804 perfectius,
535 3713 589 3779 sio
598 3714 713 3779 etiam
724 3713 920 3797 speciatim
933 3714 972 3779 in
987 3720 1089 3783 statu
1103 3716 1303 3807 Ecclesiae,

112 3850 198 3915 quae
211 3828 317 3895 illius
326 3823 563 3893 oeconomiae
579 3827 637 3889 est
653 3828 824 3889 concreta
837 3823 1040 3909 expressio,
1055 3826 1197 3911 triplex
1208 3830 1307 3898 clare

112 3936 355 4023 distinguitur
386 3938 520 4015 status,
556 3931 702 3998 scilicet
734 3930 988 3998 inchoationis
1020 3954 1085 4000 seu
1118 3934 1307 4007 Ecclesiae

112 4044 384 4131 patriarchalis3
408 4040 628 4107 incrementi
657 4060 721 4106 seu
750 4039 940 4107 Ecclesiae
969 4042 1165 4129 mosaicae,
1186 4048 1304 4132 pleni-

113 4155 250 4222 tudinis
276 4174 341 4220 seu
368 4150 558 4218 Ecclesiae
583 4149 676 4216 Jesu
692 4147 849 4231 Christi,
871 4148 988 4217 Verbi
1005 4152 1082 4238 J'am
1100 4152 1300 4224 incarnati.

679 4310 717 4357 V.

151 4422 314 4490 Ecclesia
330 4420 370 4485 in
388 4424 492 4486 statu
510 4416 764 4485 inchoationis
780 4438 849 4504 pro
865 4418 1032 4487 humano
1048 4441 1183 4508 genere
1199 4445 1302 4512 repa·

112 4532 218 4599 nando
242 4528 423 4597 instituta
448 4533 505 4594 est
536 4526 666 4594 statim
692 4533 780 4612 post
796 4528 944 4613 lapsum
962 4530 1148 4614 promisso
1164 4536 1305 4604 semine

111 4641 276 4724 mulieris,
297 4638 399 4725 quod
416 4658 484 4723 pro
501 4636 584 4720 ipsa
600 4642 638 4702 et
654 4655 751 4721 quae
775 4636 985 4723 peripsum
1003 4647 1174 4711 conterat
1189 4653 1305 4733 caput

111 4749 291 4835 serpentis.
