3125 5317
681 720 724 784 13

628 937 765 986 XXXVI.

137 1057 328 1126 Romanus
362 1058 587 1146 Pontifex,
615 1083 688 1149 qua
721 1061 827 1129 Petri
872 1081 1070 1141 successor,
1098 1060 1273 1147 J'urisdic-

103 1185 227 1253 tionem
243 1183 370 1252 habet
400 1187 664 1270 ordinariam,
693 1207 915 1272 supremam,
943 1186 1103 1272 plenam,
1125 1184 1273 1250 univcr-

101 1312 202 1378 salem
228 1311 270 1378 in
296 1311 529 1382 Ecclesiam
561 1319 639 1382 tam
663 1313 857 1380 collective
883 1333 995 1400 quam
1028 1311 1275 1379 distributive

104 1441 297 1527 sumptam.
1135 1435 1138 1440 ’

615 1583 772 1631 xxxvn.

145 1705 259 1775 Haud
277 1705 414 1774 solida
432 1715 527 1774 sunt
538 1713 770 1792 argumenta,
788 1705 928 1793 quibus
945 1727 992 1772 ex
1010 1706 1275 1775 convocatione

105 1842 139 1901 et
162 1833 282 1920 gestis
318 1834 480 1901 concilii
506 1831 923 1918 Constantinopolitani
952 1832 982 1898 I.
1015 1832 1177 1899 infertur
1203 1833 1275 1900 Ro-

107 1980 258 2027 manum
288 1957 523 2027 Pontificem
550 1978 625 2026 non
649 1951 726 2026 esse
752 1978 966 2043 supremum
984 1957 1069 2024 fidei
1095 1958 1270 2044 judicem,

108 2086 171 2154 sed
187 2105 385 2153 summum
414 2085 455 2151 in
484 2083 652 2151 Ecclesia
676 2083 844 2150 tribunal
863 2084 1059 2169 complexu
1078 2083 1276 2154 Pontificis

112 2218 148 2282 et
164 2211 430 2280 Consiliorum
455 2209 640 2295 componi.

609 2369 783 2418 xxxvnr.

156 2477 280 2545 Nullo
310 2476 496 2544 historico
524 2475 771 2543 fundamento
796 2475 935 2543 nititur
961 2477 1119 2544 assertio
1148 2499 1274 2546 eorum

114 2604 179 2692 qui
205 2603 346 2672 dicunt
378 2602 643 2670 auctoritatem
669 2607 707 2668 et
730 2601 1064 2687 praeeminentiam
1091 2603 1278 2675 Ecclesiae

117 2729 312 2798 Romanae
320 2750 371 2796 cx
381 2748 425 2795 eo
435 2748 516 2794 esse
527 2727 778 2813 repetendam,
793 2728 894 2813 quod
904 2727 1063 2794 Romani
1076 2727 1278 2800 Pontifices

118 2856 240 2925 medio
257 2875 351 2924 aevo
368 2853 783 2939 pseudo-decretalibus
799 2853 1021 2937 institerint,
1042 2868 1086 2921 ut
1107 2857 1192 2942 jura
1209 2880 1277 2926 sua

120 2983 219 3050 ultra
236 2979 392 3049 modum
406 2978 692 3078 amplificarent,
710 2979 908 3065 deletaque
919 2978 1078 3066 antiqua
1090 2981 1277 3052 Ecclesiae

119 3108 326 3194 disciplina
343 3126 483 3173 novam
500 3125 653 3190 eamque
667 3103 854 3171 Ecclesiae
866 3125 997 3190 parum
1013 3104 1142 3174 utilem
1162 3107 1275 3178 intro-

121 3235 311 3304 ducerent.

631 3341 771 3389 xxxrx.

163 3471 231 3548 Ea,
247 3469 400 3557 quaein
413 3467 787 3550 causaHenriciIV.,
803 3467 1005 3550 Gregorius
1016 3469 1103 3536 VII.
1118 3470 1209 3538 iecit
1221 3475 1278 3540 vel

121 3597 256 3680 edixit,
285 3591 478 3680 explicari
503 3591 637 3660 debent
663 3613 737 3659 non
760 3593 881 3660 solum
910 3615 957 3660 ex
982 3595 1279 3666 consideratione

121 3723 217 3811 juris
244 3719 385 3803 divini,
416 3719 518 3806 quod
543 3717 578 3784 vi
607 3718 793 3804 primatus
822 3719 1002 3786 Romanis
1030 3719 1278 3791 Pontificibus

120 3850 315 3937 competit,
347 3844 553 3914 sedetiam
580 3865 627 3912 ex
654 3843 953 3912 consideratione
980 3846 1078 3932 juris
1104 3849 1279 3933 specialis

119 3999 193 4066 quo
221 3975 455 4063 regebantur
477 3970 676 4038 relationes
701 3969 801 4037 inter
825 3970 1046 4039 Pontificem
1063 3980 1100 4041 et
1118 3975 1277 4062 Impera·

121 4113 236 4172 torem
256 4101 488 4169 Romanum.

672 4205 734 4254 xc.

161 4337 359 4418 Christus,
381 4331 451 4420 qui
477 4331 639 4417 seipsum
663 4330 825 4398 tradidit
850 4352 917 4417 pro
943 4331 1120 4418 Ecclesia,
1143 4341 1185 4403 ut
1201 4358 1281 4404 eam

121 4464 329 4534 mundaret
340 4466 380 4528 et
391 4457 588 4526 exhiberet
601 4456 671 4524 sibi
689 4456 901 4544 gloriosam,
917 4459 1084 4526 eamdem
1102 4469 1283 4547 perpetuo

122 4590 247 4662 nutrit
274 4595 316 4657 et
340 4587 449 4654 fovet
461 4588 651 4669 tamquam
669 4589 785 4669 caput
802 4583 1002 4670 mysticum
1020 4585 1114 4672 ejus:
1134 4587 1181 4654 ab
1198 4587 1285 4675 Ipso
