3125 5317
828 614 869 687 14

747 822 907 872 XXXVII.

294 964 397 1031 Inter
409 963 605 1031 modernos
617 962 890 1048 negotiatorum
906 964 1140 1049 operationes
1153 965 1401 1051 praecipuum

249 1090 369 1156 locum
396 1089 510 1155 habet
538 1088 707 1155 venditio
736 1088 804 1154 aab
833 1089 904 1173 dic,
941 1109 1017 1175 qua
1048 1090 1211 1175 pretium
1243 1092 1404 1177 quidem

249 1216 295 1283 ab
323 1221 489 1300 emptore
517 1214 736 1281 solvendum
768 1214 1052 1300 determinatur,
1082 1216 1210 1284 sedin
1235 1217 1401 1303 gratiam

248 1341 456 1408 venditoris
480 1340 663 1406 statuitur
682 1340 763 1406 dies
780 1360 855 1426 quo
872 1348 957 1426 post
973 1343 1140 1426 elapsum
1167 1349 1308 1409 certum
1325 1350 1406 1410 ter-

247 1468 390 1534 minum
419 1487 477 1533 res
504 1466 658 1533 vendita
684 1466 868 1533 tradenda
902 1472 1050 1535 tautum
1082 1475 1162 1535 est:
1202 1469 1308 1536 licita
1340 1476 1408 1537 est

247 1592 464 1677 hujusmodi
481 1591 807 1676 emptio-venditio
825 1591 903 1659 sive
920 1592 970 1659 sit
979 1592 1106 1675 firma,
1125 1594 1202 1660 sive
1219 1594 1331 1661 etiam
1346 1594 1408 1661 sit

246 1717 514 1784 resciadlbr'lic

735 1827 908 1876 xxxvur.

292 1986 336 2051 ln
354 1985 434 2071 lege
447 1984 601 2051 Sabbati
615 1989 654 2050 et
664 1984 884 2051 Dominicae
895 1985 1153 2053 observantiae
1171 1986 1407 2055 mirabiliter

246 2117 403 2195 apparet
429 2110 624 2176 harmonia
645 2109 841 2194 utriusque
859 2109 1004 2176 ordinis
1021 2109 1234 2195 spiritualis
1250 2119 1288 2180 et
1304 2119 1406 2179 tem-

246 2236 408 2317 poralis:
435 2256 479 2301 ea
494 2235 593 2300 enirn
611 2236 702 2319 lege,
723 2253 798 2319 qua
818 2234 997 2319 primario
1017 2236 1247 2321 prospicitur
1273 2258 1406 2305 neces·

244 2360 531 2428 sitatibusvitae
539 2359 746 2444 religiosae,
761 2359 875 2425 simul
887 2361 1097 2427 consulitur
1108 2362 1405 2431 individuorum

243 2486 413 2566 sanitati,
430 2484 660 2551 familiarum
678 2484 868 2567 felicitati,
890 2486 986 2552 bono
1003 2487 1144 2553 sociali.

746 2696 886 2744 XXXIX.

289 2837 368 2903 Lex
384 2838 441 2902 vel
459 2838 689 2903 consuetudo
717 2836 851 2919 civilis
873 2856 948 2922 qua
973 2838 1131 2905 cessatio
1153 2859 1175 2905 a
1199 2840 1407 2911 laboribus

243 2961 441 3029 Dominica
462 2960 523 3028 die
545 2961 723 3043 sancitur,
752 2961 904 3027 omnino
931 2961 1100 3045 legitima
1124 2970 1191 3046 est,
1220 2985 1286 3033 nec
1311 2968 1406 3037 ullo

240 3088 352 3155 modo
369 3088 574 3174 opponitur
590 3087 810 3154 rationabili
828 3089 998 3155 cultuum
1015 3088 1194 3157 libertati.

782 3282 844 3329 xL.

291 3424 401 3491 “Ubi
427 3424 643 3491 necessitati
669 3424 763 3490 satis
779 3430 818 3491 et
834 3425 965 3492 decoro
986 3427 1129 3508 datum,
1150 3428 1311 3497 officium
1331 3442 1407 3503 est

240 3550 287 3616 de
318 3570 361 3617 eo
393 3550 493 3635 quod
526 3556 679 3634 superat
702 3534 925 3635 gratificari
965 3551 1233 3638 indigentibus.
1301 3556 1405 3627 Non

238 3676 423 3761 justitiae,
443 3680 600 3759 excepto
626 3674 666 3739 in
691 3675 802 3742 rebus
826 3676 1014 3759 extremis,
1035 3677 1156 3745 officia
1184 3680 1259 3747 ista
1284 3692 1399 3771 sunt,

231 3800 304 3908 wsed
329 3799 501 3867 caritatis
527 3798 766 3883 christianae,
795 3821 908 3885 quam
937 3801 1103 3887 profecto
1130 3804 1211 3889 lege
1243 3809 1405 3893 agendo

238 3931 363 4010 petere
386 3926 448 4012 jus
465 3944 539 3991 non
556 3926 653 3991 est.’'
669 3927 683 3976 1

771 4053 850 4101 xm.

283 4194 473 4275 Quamvis,
494 4194 533 4259 iu
560 4194 745 4260 sententia
771 4194 912 4262 Christi
932 4195 1086 4262 Domini
1104 4197 1208 4283 (Luc.
1237 4200 1302 4285 XI,
1324 4208 1399 4291 41)

238 4321 422 4388 nonnulla
439 4318 695 4385 verbavariam
719 4318 917 4404 patiantur
941 4320 1288 4407 interpretationem
1309 4328 1403 4401 duo

273 4530 281 4554 ¹
292 4528 365 4581 Euo.
379 4527 488 4581 Rerum
499 4527 657 4581 Novarum.
