3125 5317
837 673 859 756 ἐ

816 903 882 952 xv.

318 1061 484 1132 Verbum
502 1083 587 1130 caro
611 1061 752 1130 facturn
779 1063 954 1131 Christus
982 1063 1178 1144 Dominus,
1207 1054 1423 1144 magisterio

274 1189 478 1270 doctrinae,
500 1189 656 1275 imperio
689 1190 793 1275 legis,
835 1190 1079 1258 sacramentis
1112 1181 1424 1256 sanctificationis

277 1315 447 1382 homines
463 1315 510 1381 de
527 1315 666 1382 mundo
682 1315 820 1382 electos
830 1316 940 1383 donis
957 1316 1117 1383 internis
1133 1320 1171 1381 et
1186 1311 1354 1381 externis
1372 1328 1423 1374 se-

276 1459 357 1506 onm
377 1440 459 1524 ipso
476 1447 513 1507 et
530 1447 656 1507 omnes
674 1441 773 1508 inter
785 1462 824 1507 se
839 1443 999 1508 Invicem
1016 1441 1111 1522 unit,
1133 1441 1298 1526 haecque
1316 1436 1424 1505 coad-

276 1565 408 1632 unatio
436 1573 492 1632 cst
517 1586 670 1650 regnum
706 1566 777 1633 Dei
810 1567 849 1633 in
879 1567 1000 1650 terris,
1034 1565 1205 1633 Ecclesia
1236 1563 1427 1648 acquisita

278 1692 467 1774 sanquine
478 1691 551 1758 Dei
555 1695 581 1758 .1

812 1837 893 1886 xva

323 1992 415 2059 Inde
432 1994 478 2060 ab
495 1994 607 2062 initio
624 1994 779 2063 humani
804 1996 951 2082 generis
968 2015 1043 2063 una
1066 1992 1234 2062 Ecclesia
1251 1992 1320 2059 Dei
1339 1990 1425 2057 lati-

279 2118 333 2185 ori
353 2119 482 2206 aliquo
499 2141 608 2188 sensu
627 2123 787 2201 exstitit,
809 2143 892 2189 cum
910 2121 989 2189 Deo
1007 2121 1164 2187 invicem
1178 2139 1264 2184 vera
1280 2117 1353 2183 fide
1369 2138 1427 2181 ve·

279 2264 393 2331 roque
411 2247 690 2332 supernaturali
707 2247 775 2314 Dei
790 2249 896 2316 cultu
910 2248 1121 2333 conjuncta,
1137 2252 1250 2331 atque
1266 2244 1314 2310 ad
1332 2242 1430 2309 hanc

277 2370 453 2438 unionem
484 2371 610 2458 sicque
636 2373 685 2439 ad
718 2380 905 2440 aeternam
939 2374 1099 2440 salutem
1125 2371 1334 2437 conducens
1363 2388 1431 2454 per

277 2497 412 2564 merita
428 2497 572 2566 Christi
591 2498 855 2585 Redemptoris
878 2498 1011 2566 futuri.

805 2678 906 2744 irvrr.

326 2852 498 2920 Christus
531 2854 726 2935 Dominus,
754 2861 883 2938 pastor
915 2854 1034 2919 bonus
1061 2852 1198 2933 ovium,
1222 2871 1294 2917 non
1320 2848 1433 2916 modo

280 2977 528 3047 invisibiliter
567 2981 645 3047 suis
685 2980 803 3056 adest,
848 2979 912 3046 sed
952 2978 1074 3045 voluit
1113 2978 1225 3044 etiam
1268 2982 1310 3042 ut
1349 2983 1430 3042 tota

283 3104 363 3172 vita
373 3105 559 3190 religiosa,
581 3105 779 3172 invisibili
799 3103 963 3172 Ecclesia
990 3103 1132 3170 visibili
1159 3103 1269 3169 modo
1285 3122 1351 3186 per
1367 3122 1431 3186 po·

282 3237 454 3297 testatem
484 3231 658 3298 vicariam
678 3253 700 3299 a
727 3253 765 3298 se
783 3232 1010 3310 institutam,
1032 3235 1212 3315 perpetuo
1234 3227 1428 3309 efficiatur,

284 3364 475 3442 augeatur,
505 3365 750 3424 conservetur:
786 3357 885 3423 unde
913 3355 1079 3423 Ecclesia
1106 3362 1163 3422 est
1192 3354 1351 3421 societas
1378 3374 1430 3420 ex

283 3483 445 3549 essentia
462 3504 530 3550 sna
555 3482 729 3550 visibilis.

799 3626 916 3675 xvm.

329 3784 387 3850 Ex
404 3785 574 3852 fontibus
584 3786 823 3853 revelationis
840 3786 1021 3853 discimus
1032 3783 1234 3851 Ecclesiam
1253 3801 1332 3848 csse
1349 3788 1430 3847 tum

284 3910 530 3978 universalem
543 3911 667 3996 spatio
683 3918 721 3977 et
738 3911 939 3998 “usquead
959 3910 1135 3976 ultimum
1150 3908 1294 3975 terrae'’
1317 3907 1434 3972 nnius

283 4037 369 4104 fidei
404 4037 600 4122 splendore
629 4058 671 4104 ac
711 4037 861 4122 copiosa
902 4036 1100 4107 fertilitate
1132 4034 1321 4114 diffusam,
1350 4043 1432 4098 tum

285 4163 560 4249 plenitudinem
588 4163 766 4249 temporis
783 4170 821 4229 et
836 4170 1001 4248 tempore
1018 4161 1263 4228 universalem
1287 4165 1435 4244 “usque

282 4289 331 4356 ad
348 4290 703 4357 consummationem
729 4289 932 4356 saeculi.’'2

322 4501 389 4554 ‘net
403 4519 452 4562 xx,
468 4502 508 4552 28.

320 4586 418 4638 'Man
434 4587 576 4648 XXVIII,
591 4599 631 4636 20.
