3125 5317
1974 441 2061 502 10

1854 608 2189 664 XXXVIII.

959 706 1240 776 Divina
1270 714 1645 795 potestate
1700 709 1846 786 sibi
1896 712 2173 779 collata
2204 710 2537 781 Ecclesia
2570 732 2744 780 suos
2774 711 3123 788 ministro

871 814 1088 904 eligit
1119 821 1198 884 et
1228 815 1543 886 instruit
1575 824 1651 886 et
1683 818 2048 887 instituit.

1903 992 2181 1047 XXXIX.

963 1088 1246 1160 Valida
1294 1097 1409 1159 est
1460 1093 1919 1162 consecratio
1970 1114 2014 1162 a
2066 1114 2533 1182 quocumque
2595 1116 2767 1162 vero
2816 1095 3125 1181 episcop

871 1196 1093 1282 facta,
1154 1205 1488 1267 attamen
1521 1201 1620 1268 ad
1675 1202 1839 1288 ejus
1895 1202 2301 1270 liceitatem
2351 1203 2512 1270 fieri
2566 1203 2791 1271 hodie
2842 1204 3065 1270 debet
3120 1228 3125 1267 ε

875 1313 1380 1375 consecratore
1444 1309 1537 1376 ab
1603 1309 2046 1396 Apostolica
2099 1311 2286 1379 Sede
2350 1311 2765 1397 designate,
2826 1312 2949 1378 cui
3013 1311 3125 1377 du«

875 1415 1008 1480 alii
1042 1414 1375 1501 episcopi
1409 1416 1798 1485 assistunt.

1037 1599 1042 1603 .
1949 1542 2068 1597 XL.

967 1638 1381 1726 Episcopus
1428 1648 1682 1726 potest
1731 1663 2161 1729 promovere
2215 1644 2728 1713 executionem
2763 1646 3011 1732 legum
3045 1664 3125 1730 ge

875 1748 1239 1814 nai-alium
1275 1750 1628 1818 ecclesiae
1660 1772 1794 1836 per
1826 1752 2062 1838 legem
2096 1753 2630 1838 particularem
2663 1753 3125 1821 accommoda

879 1864 1030 1921 tam
1062 1856 1303 1923 indoli
1337 1878 1514 1925 suae
1546 1859 1810 1945 plebis.

1914 1984 2102 2068 'XLL

971 2080 1017 2148 J
1021 2101 1152 2148 ure
1185 2101 1319 2149 suo
1375 2081 1622 2150 utitur
1683 2085 2014 2169 ecclesia,
2057 2105 2189 2152 nec
2246 2087 2485 2152 ullum
2544 2085 2762 2154 affert
2824 2084 3125 2153 societa1

879 2189 1086 2256 civili
1119 2189 1690 2277 incommodum,
1734 2194 1908 2260 dum
1966 2196 2131 2263 vult
2170 2194 2475 2262 clericos
2509 2193 2590 2261 in
2623 2194 2855 2261 sacris
2888 2193 3125 2261 ordin'i

879 2300 1018 2364 hus
1052 2298 1503 2367 constitutos
1528 2302 1690 2388 lege
1723 2304 2068 2387 perpetui
2104 2303 2519 2371 coelibatus
2552 2302 2947 2389 adstringi.

1934 2476 2115 2530 XLII.

971 2573 1404 2642 Auctoritas
1436 2576 1947 2645 ecclesiastica
2001 2578 2395 2664 proprium
2446 2579 2570 2666 ius
2622 2578 2897 2646 retinet
2929 2578 3125 2663 sepu]

879 2688 1123 2748 turam
1180 2702 1466 2750 sacram
1530 2685 1956 2772 denegandi
2019 2686 2162 2754 etsi
2196 2687 2451 2754 forsan
2504 2707 2598 2753 ex
2661 2686 2803 2754 hac
2852 2686 3125 2773 denega

879 2792 1082 2856 tione
1114 2790 1424 2877 aliquod
1458 2791 2010 2860 incommodum
2044 2794 2124 2861 in
2156 2794 2365 2862 vivos
2391 2794 2870 2862 redundaret.

1928 2968 2139 3021 XLIII.

975 3064 1583 3150 Supernaturalis
1645 3067 1825 3135 unio
1888 3070 2244 3137 ecclesiae
2306 3090 2474 3136 cum
2539 3067 2841 3138 Christo
2905 3076 2981 3137 et
3042 3090 3125 3155 pe

883 3180 1265 3249 Christum
1299 3182 1378 3248 in
1413 3183 1659 3270 seipsa
1707 3186 2085 3271 praeclare
2133 3186 2534 3254 exhibetur
2582 3185 2661 3252 in
2710 3186 2807 3253 iis
2844 3186 3125 3272 Scriptu

883 3312 1004 3356 rae
1066 3291 1249 3357 locis
1306 3291 1581 3378 quibus
1645 3314 1809 3360 eam
1872 3314 2031 3361 esse
2080 3293 2482 3380 mysticum
2548 3293 2836 3362 Christi
2895 3294 3125 3380 capiti

887 3418 1150 3483 corpus
1183 3399 1552 3467 docemur.

1919 3525 2124 3580 XLIV.

987 3639 1336 3725 “Corpus
1391 3647 1467 3709 et
1517 3642 1838 3730 Sanguis
1872 3642 2179 3710 Domini
2216 3644 2479 3711 Nostri
2528 3643 2711 3712 Jesu
2757 3643 3044 3713 Christi
3092 3644 3122 3710 i

883 3754 1344 3816 sacramento
1377 3750 1643 3817 altaris
1677 3752 1817 3818 sub
1853 3751 2240 3837 speciebus
2266 3752 2486 3839 panis
2520 3758 2596 3820 et
2624 3752 2783 3819 vini
2818 3752 3125 3820 veracite

887 3856 1383 3941 continentur,
1425 3859 2135 3926 transubstantiatis
2160 3881 2352 3945 pane
2386 3860 2465 3926 in
2499 3881 2768 3946 corpus
2794 3861 3064 3952 etlvino
3096 3860 3123 3926 i

887 3964 1323 4050 sanguinem
1356 3972 1729 4051 pot-estate
1761 3967 2041 4035 divina.
2056 3969 2072 4000 ’
2087 3969 2103 4001 ’

2484 4076 2683 4129 Concil.
2714 4075 2838 4128 Lat.
2866 4075 2901 4127 1
2917 4075 2974 4128 V.

1952 4190 2127 4244 XLV.

983 4287 1252 4357 Verbis
1334 4288 1532 4357 illis:
1617 4290 1848 4358 “Hoc
1910 4290 2139 4358 facite
2202 4291 2283 4358 in
2358 4312 2595 4359 meam
2661 4313 3125 4361 commemora
