3125 5317
896 655 916 718 6

873 851 929 901 VI.

371 975 614 1044 Infidelitatis
632 977 773 1057 species
798 983 856 1044 est
871 976 1047 1062 haeresis,
1068 996 1164 1063 quae
1181 978 1330 1045 deliniri
1346 981 1471 1064 potest

329 1102 417 1169 fidei
435 1102 597 1170 catholic
614 1104 812 1190 aerejectio
825 1103 1022 1188 pertinax:
1049 1103 1098 1170 ad
1115 1123 1230 1190 quam
1245 1103 1472 1190 pertinacem

329 1228 570 1315 rejectionem
582 1228 657 1295 dno
668 1229 932 1314 requiruntur:
966 1228 1140 1321 primum,
1157 1235 1202 1295 ut
1216 1227 1362 1296 homini
1375 1229 1472 1295 suffi-

326 1355 466 1422 cienter
481 1354 675 1441 proposita
690 1353 807 1422 fuerit
822 1349 1010 1422 Ecclesiae
1027 1354 1234 1422 auotoritas
1250 1353 1472 1422 infallibilis

328 1480 368 1546 in
386 1479 567 1560 docend03
593 1479 752 1546 alterum
769 1484 814 1546 nt
829 1478 1054 1547 sufficienter
1072 1485 1226 1562 constet,
1247 1479 1346 1546 illud
1370 1478 1473 1566 quod

247 1675 250 1680 ,
323 1603 504 1692 rejicitur,
526 1604 573 1671 ab
591 1603 756 1672 Ecclesia
772 1603 922 1671 deliniri
939 1609 1119 1691 tauquam
1137 1605 1353 1672 revelatum.

872 1783 944 1832 VII.

370 1908 544 1994 Christus
562 1909 745 1976 Dominus
762 1907 980 1975 hominibus
996 1915 1035 1976 et
1050 1908 1202 1994 populis
1216 1930 1238 1976 a
1254 1907 1368 1976 Patre
1385 1909 1475 1976 mis-

324 2055 398 2116 sus,
418 2040 476 2102 est
491 2034 663 2102 veritatis
687 2039 725 2102 ct
747 2033 922 2119 justitiae
948 2033 1140 2119 Magister,
1160 2035 1269 2121 cujus
1297 2034 1472 2120 magiste-

324 2161 422 2228 rium
439 2161 495 2228 ita
510 2166 567 2228 est
588 2180 805 2246 supremum
820 2165 858 2228 et
874 2160 1056 2228 rationem
1083 2160 1284 2246 potestatis
1301 2160 1358 2227 ita
1374 2180 1472 2227 com·

325 2287 514 2373 plectitur,
530 2292 574 2353 nt
584 2285 716 2353 merito
726 2306 825 2353 unus
834 2285 980 2372 generis
991 2284 1147 2352 humani
1158 2285 1339 2372 Magister
1349 2284 1474 2352 dicen·

327 2411 399 2478 dus
416 2417 453 2478 ct
470 2411 677 2478 credendus
694 2410 757 2478 sit.

855 2537 944 2585 vr11.
986 2560 988 2563 -

371 2662 513 2731 Christi
541 2662 799 2750 magisterium
820 2661 992 2730 veritatis
1023 2668 1060 2730 et
1091 2660 1265 2749 justitiae
1289 2668 1473 2747 perpetuo

324 2788 420 2855 vivit
439 2788 479 2854 iu
504 2808 617 2873 reguo
642 2787 814 2855 veritatis
838 2794 877 2854 ct
900 2786 1211 2854 sanctificationis
1235 2787 1283 2854 ab
1307 2786 1391 2872 ipso
1416 2787 1473 2853 in-

328 2913 476 2996 stituto,
492 2913 530 2979 in
549 2912 746 2981 Catholica
763 2911 909 2979 scili-oet
925 2911 1104 2979 Ecclesia.

879 3090 933 3138 1x.

372 3217 545 3282 Summus
556 3219 681 3282 autem
692 3214 732 3280 in
744 3213 1097 3300 Ecclesiamagister
1106 3220 1162 3281 est
1174 3214 1366 3281 Romanus
1377 3213 1475 3281 Pon·

327 3341 434 3422 tilerr,
456 3343 564 3427 cujus
590 3340 631 3406 in
651 3339 865 3406 delinienda
886 3339 1058 3406 doctrina
1075 3339 1209 3406 deiide
1226 3339 1283 3406 vel
1307 3339 1476 3406 moribus

320 3465 466 3552 judicia
482 3486 529 3532 ex
546 3485 635 3547 seso,
657 3484 731 3531 non
749 3469 875 3531 autem
890 3485 939 3532 ex
955 3484 1136 3532 consensu
1160 3463 1358 3547 Ecclesiae,
1380 3472 1474 3532 sunt

326 3589 628 3659 irreformabilia.

889 3703 927 3747 x.

366 3825 541 3894 Christus
567 3831 755 3909 praeterea
780 3824 864 3909 ipso
888 3844 956 3890 suo
976 3822 1066 3890 Esse
1090 3825 1282 3908 exemplar
1307 3829 1365 3892 est
1389 3845 1473 3910 per·

328 3950 572 4018 iectissimum
599 3955 637 4016 et
661 3948 950 4032 lucidissimum,
979 3968 1053 4035 quo
1084 3948 1301 4016 hominibus
1333 3949 1473 4034 princi-

321 4076 426 4162 pium
443 4074 564 4142 omnis
580 4073 822 4160 perfectionis
835 4093 918 4140 vere
935 4073 1122 4154 humanae
1137 4074 1373 4159 proponitur.

901 4267 956 4315 XI.

373 4409 527 4478 Gratiae
543 4407 686 4477 Christi
704 4408 862 4476 mirifica
879 4408 1000 4476 virtus
1017 4408 1244 4494 singularem
1263 4408 1304 4475 in
1321 4410 1475 4477 modum

323 4536 444 4603 elucet
460 4535 500 4601 in
518 4533 742 4602 Beatissima
761 4534 883 4601 Maria
899 4533 1076 4620 Deipara,
1091 4554 1187 4621 quac
1204 4535 1253 4602 ab
1270 4535 1372 4602 omni
1391 4542 1472 4603 tum
