3125 5317
734 623 792 686 -13

147 805 226 888 eris,
244 805 293 871 ab
311 807 429 874 omni
451 810 675 897 originalis
702 814 832 899 culpae
859 813 943 880 labe
971 816 1248 898 praeservatam
1273 811 1339 882 im-

152 932 366 1000 munem.''1

711 1028 819 1084 XLIV.

203 1143 457 1214 immaculati
475 1147 628 1216 Beatae
641 1147 814 1232 Virginis
827 1145 1038 1232 Conceptus
1055 1153 1135 1213 tum
1153 1145 1342 1232 implicita

161 1289 241 1339 tum
269 1273 473 1358 explicita
505 1275 709 1343 affirmatio
736 1275 773 1341 in
807 1274 981 1342 universa
1007 1273 1214 1344 traditione
1239 1273 1341 1345 cath-

162 1399 259 1466 olica
277 1399 527 1468 continetur.
716 1490 801 1545 XLV

212 1609 354 1698 Neque
380 1631 432 1677 ex
451 1610 662 1678 universali
690 1609 960 1698 propagatione
984 1609 1187 1696 originalis
1198 1611 1342 1697 peccati

166 1758 293 1822 neque
312 1758 364 1803 ex
396 1736 561 1822 speciali
591 1741 740 1806 sanctae
758 1736 1013 1822 conceptionis
1042 1736 1343 1822 praerogativaa

168 1863 362 1930 Patribus
381 1883 498 1948 saepe
517 1862 668 1930 Christo
680 1862 835 1946 tributa,
850 1864 970 1929 ullum
982 1870 1243 1948 argumentum
1261 1863 1340 1948 peti

168 1997 302 2078 potest
320 1996 459 2058 contra
477 1989 615 2074 dogma
631 1988 868 2058 Immaculati
886 1987 1096 2075 Conceptus
1118 1988 1341 2076 purissimae

169 2093 368 2201 Virginis,

709 2203 820 2258 XLVI.

220 2323 343 2390 Fides
361 2330 421 2391 est
445 2322 595 2388 “virtus
623 2323 931 2408 supernaturalia,
953 2294 1028 2408 qua
1052 2321 1121 2388 Dei
1152 2321 1343 2408 aspirante

170 2464 212 2516 et
229 2449 452 2535 adjuvante
477 2446 612 2532 gratia,
633 2449 678 2514 ab
695 2469 738 2515 eo
754 2449 919 2514 revelata
935 2469 1021 2514 vera
1047 2469 1125 2514 esse
1143 2446 1340 2532 credimus

172 2595 251 2642 non
269 2580 435 2660 propter
453 2573 694 2640 intrinsecam
711 2593 833 2640 rerum
851 2573 1045 2640 veritatem
1072 2573 1238 2640 naturali
1256 2574 1344 2640 rutiv

171 2701 261 2768 onis
293 2699 447 2766 lumine
477 2707 717 2783 perspectam,
746 2700 812 2765 sed
837 2705 990 2784 propter
1006 2697 1270 2766 auctoritatem
1288 2699 1342 2784 ip·

173 2828 259 2894 suis
289 2826 368 2892 Dei
398 2825 615 2909 revelantia,
647 2826 712 2912 qui
742 2847 808 2892 nec
836 2825 920 2891 falli
949 2845 1015 2890 nec
1042 2823 1173 2890 fallere
1202 2831 1338 2909 potest.

171 2953 245 3019 Est
265 2951 376 3018 enirn
406 2951 503 3017 fides
533 2951 798 3035 sperandarum
827 2949 1042 3017 substantia
1066 2970 1200 3033 rerum,
1233 2971 1340 3038 argu·

175 3087 356 3146 mentum
376 3097 456 3143 non
474 3077 796 3163 appa1·entium.''1

707 3237 834 3291 XLVll.

224 3361 354 3424 Amor
385 3355 720 3440 concupiscentiae,
753 3376 828 3442 quo
861 3356 981 3422 Deum
1010 3357 1272 3443 prosequimur
1303 3363 1347 3425 ut

177 3503 379 3550 summum
400 3481 543 3547 bonurn
559 3489 724 3548 nostrum
753 3504 818 3549 seu
837 3483 1059 3549 conveniens
1077 3482 1195 3565 nobis
1217 3483 1346 3550 hones-

178 3621 242 3676 tus
260 3615 322 3675 est
343 3613 387 3673 et
405 3608 715 3690 supernaturalis:
743 3609 903 3694 ideoque
915 3608 1061 3675 licitum
1080 3631 1122 3674 ac
1135 3609 1343 3676 virtuosum

175 3747 232 3801 est
250 3731 420 3818 operari
440 3730 583 3798 intuitu
599 3733 848 3822 beatitudinis
865 3735 993 3800 solius.

700 3892 844 3946 XLVlll.

221 4011 451 4096 Objectum
472 4007 616 4078 formale
641 4012 840 4079 charitatis
857 4019 913 4078 est
930 4011 1061 4078 divina
1077 4012 1226 4079 bonitas
1244 4016 1349 4081 abso-

173 4139 257 4204 luta
275 4143 320 4202 et
354 4141 529 4220 propter
543 4155 575 4201 se
591 4139 770 4222 curabilis,
793 4138 935 4205 lumine
964 4140 1241 4224 supernaturali
1268 4161 1348 4226 cog-

174 4259 411 4330 noscibilis

200 4423 290 4476 ‘Pius
306 4421 375 4472 IX.
398 4418 513 4478 Bulla,
529 4421 689 4488 “ineffabilis
702 4427 815 4478 Deus.”

196 4510 312 4561 ’Cone
333 4501 461 4554 Vatic.
483 4501 573 4556 Consu
586 4507 640 4561 Dei
651 4510 752 4574 Filius,
767 4525 791 4562 c.
806 4525 831 4574 3.
