3125 5317
698 699 718 774 t

679 919 733 966 XI.

148 1039 402 1124 Utreritntes,
420 1063 538 1130 qnae
551 1044 601 1110 ad
612 1043 829 1130 religionem
845 1042 1057 1110 naturalem
1073 1036 1276 1128 pertinent,

114 1167 358 1252 inpraesenti
391 1189 565 1256 quoque
591 1168 744 1236 humani
777 1166 924 1255 generis
956 1168 1171 1236 conditione
1204 1167 1282 1235 “ab

117 1293 279 1360 omnibus
294 1295 510 1380 expedite,
534 1296 641 1362 firma
663 1295 890 1362 certitudine
915 1301 953 1362 et
978 1296 1084 1362 nullo
1111 1295 1283 1362 admixto

114 1421 260 1487 errore'’
283 1422 476 1508 cognosci
495 1423 656 1508 possint,
674 1422 853 1489 revelatio
866 1423 1058 1490 moraliter
1075 1421 1284 1489 necessaria

115 1547 269 1613 dicenda
297 1551 395 1614 estl
459 1548 648 1615 Absolute
667 1569 753 1615 vero
779 1549 989 1616 necessaria
1011 1555 1078 1629 est,
1107 1555 1151 1615 ut
1173 1547 1283 1615 homo

114 1693 333 1757 cognoscere
360 1673 492 1759 possit
519 1673 629 1740 finem
656 1675 979 1759 supernaturalem
997 1680 1034 1741 et
1051 1675 1176 1742 media
1192 1674 1283 1741 huic

115 1798 177 1864 fini
193 1785 511 1884 proportionata.

671 1909 741 1958 xrr.

165 2031 253 2100 “Ut
279 2033 373 2100 fidei
405 2040 557 2100 nostrae
582 2034 804 2120 obsequium
831 2033 969 2101 rationi
992 2041 1281 2102 consentaneum

112 2167 220 2242 esset,
243 2161 374 2226 voluit
388 2161 493 2226 Deus
511 2181 596 2226 cum
613 2160 779 2227 internis
797 2160 963 2246 Spiritus
978 2161 1103 2228 Sancti
1123 2162 1282 2229 auxiliis

118 2294 280 2353 externa
297 2286 412 2374 jungi
425 2285 668 2382 revelationis
679 2307 768 2353 suae
781 2293 1012 2372 argumenta,
1028 2285 1129 2354 facta
1140 2288 1285 2355 scilicet

120 2413 257 2480 divina
284 2422 403 2500 atque
425 2413 614 2498 imprimis
641 2413 825 2480 miracula
852 2421 891 2481 et
914 2415 1280 2502 prophetiaquuae,

121 2561 207 2606 curn
235 2539 312 2605 Dei
340 2539 654 2624 omnipotentiam
682 2547 719 2606 et
745 2539 935 2606 infinitam
958 2540 1154 2608 scientiam
1181 2541 1283 2608 lucu-

122 2667 245 2731 lenter
273 2669 579 2742 commonstrent‚
610 2665 763 2732 divinae
792 2664 1033 2732 revelationis
1059 2665 1167 2752 signa
1196 2675 1285 2734 sunt

122 2790 339 2856 certissima
355 2795 394 2856 et
409 2789 580 2855 omnium
596 2789 871 2873 intelligentiae
888 2791 1230 2858 accommodata.”2

664 2952 752 3001 XIII.

173 3078 234 3144 Ex
252 3077 378 3143 verbis
405 3077 440 3143 S.
472 3077 645 3161 Apostoli
669 3077 717 3143 ad
739 3077 847 3144 Rom.
868 3076 930 3160 V„
952 3081 1067 3159 12-14,
1089 3078 1286 3165 colligitur

127 3227 207 3272 esse
234 3211 432 3292 peccatum
460 3203 616 3289 aliquod
642 3187 836 3287 originale,
869 3204 1140 3290 propagatione
1164 3210 1284 3272 trans-

128 3332 287 3397 missum
305 3337 343 3396 et
359 3328 568 3414 unicnique
583 3329 790 3414 proprium.

672 3507 756 3556 XIV.

171 3634 354 3704 Christus
380 3631 565 3698 secundus
587 3631 710 3698 Adam
727 3638 920 3718 tamquam
947 3637 1062 3717 caput
1078 3653 1145 3718 pro
1173 3653 1284 3699 mem-

128 3762 204 3828 bris
233 3759 406 3846 seipsum
438 3758 516 3825 Deo
537 3758 677 3825 obtulit
702 3758 958 3826 destructione
983 3759 1169 3844 pretiosae
1198 3781 1286 3828 strae

130 3891 228 3956 ritae
246 3888 443 3954 humanae
460 3885 506 3952 ad
523 3885 669 3952 infinite
686 3885 915 3952 meritoriam
929 3887 1208 3954 attestationem
1226 3908 1284 3954 su-

126 4017 243 4103 premi
264 4011 452 4086 dominii;
491 4018 527 4078 et
548 4018 729 4098 tanquam
746 4011 944 4097 fidejussor
961 4017 1104 4078 reatum
1129 4012 1286 4080 humani

123 4143 273 4229 generis
293 4141 335 4206 in
358 4159 398 4204 se
417 4142 703 4223 repraesentare,
721 4157 790 4223 pro
802 4138 915 4223 culpa
930 4144 968 4204 et
984 4157 1104 4223 poena
1114 4138 1285 4223 plenissi-

122 4290 216 4336 mam
237 4264 527 4334 consummavit
543 4263 855 4332 satisfactionem.

336 4392 443 4398 ..--—
454 4393 707 4400 -.—-—.——---...-
732 4393 758 4399 .-
769 4393 815 4399 ...-
836 4393 981 4399 -—-..-.-—.

155 4449 260 4499 'Cone⁸
285 4438 399 4495 vatic.
422 4441 515 4493 Const.
537 4440 596 4493 Dei
612 4441 715 4504 Filius,
730 4456 754 4494 c.
775 4439 808 4502 ii;
831 4440 868 4494 cl.
883 4441 1079 4504 S.Thomam‚
1103 4440 1179 4493 (ont.
1205 4441 1286 4494 Geni.

118 4548 135 4594 ¹.
147 4547 257 4669 l4Cone.
276 4613 376 4668 Vat..
393 4607 489 4660 Const.
504 4607 563 4661 Dei
574 4607 675 4674 Filius,
689 4625 713 4663 c.
729 4607 770 4660 iii.
