3125 5317
731 629 772 691 15

167 812 248 877 tum
265 828 419 879 sensum
435 809 572 878 habere
588 808 750 891 videtur,
767 809 867 878 sicut
883 815 1041 896 apparet
1056 830 1106 878 ex
1121 809 1202 878 loco
1213 828 1321 897 para-

168 936 270 1007 llelo:
298 916 401 1025 (Aut,
430 940 485 1020 27,
514 940 584 1023 25),
606 937 655 1006 Et
679 938 781 1006 vocis
806 958 960 1025 graecae
985 937 1152 1007 teleiosis
1176 937 1323 1024 plenior

170 1082 302 1131 sensus
317 1063 783 1149 producitur—Talmudis
796 1063 1022 1150 Babylonici
1043 1063 1323 1134 benedictiones

169 1208 193 1255 a
223 1208 363 1275 sponso
391 1190 561 1274 prolatae
593 1152 770 1258 videntur
800 1194 940 1257 rectem
973 1189 1320 1275 interpretationem

171 1312 304 1383 afferre
320 1314 395 1383 loci
411 1314 536 1403 (loen.
557 1320 589 1401 3,
610 1318 683 1402 29):
716 1315 885 1383 “amicus
922 1368 930 1383 .
972 1368 980 1383 .
1026 1368 1034 1383 .
1076 1315 1217 1403 gaudio
1232 1336 1321 1405 gau-

171 1440 236 1509 det
252 1442 408 1528 propter
423 1461 549 1510 vocem
566 1441 736 1529 sponsi.''

669 1638 675 1649 ·
710 1638 790 1689 xm.

218 1762 528 1831 Insimulationes
556 1762 707 1833 Codicis
738 1762 1108 1849 Pltilosophoumauu
1138 1763 1237 1830 nihil
1266 1763 1321 1832 in·

171 1887 311 1957 famiae
323 1894 454 1957 contra
468 1888 694 1958 Pontificum
714 1890 775 1958 SS.
794 1889 1000 1975 zephyrini
1018 1894 1056 1957 et
1072 1888 1232 1958 (lallixti
1248 1874 1321 1956 me·
1446 1923 1457 1943 ·

172 2014 330 2082 moriam
347 2014 577 2085 inusserunt.
629 2014 757 2085 (lodex
780 2014 917 2083 famosi
942 2014 1064 2082 libelli
1087 2020 1214 2082 notam
1232 2034 1323 2101 prae

171 2161 210 2209 se
226 2140 313 2209 fert.
398 2190 404 2209 .

700 2244 798 2301 XLII.

216 2391 409 2461 Historiae
435 2414 496 2461 ars
522 2392 654 2461 critica
679 2392 750 2460 hoc
775 2391 1122 2479 probabilissimum
1139 2391 1318 2476 ostendit,

172 2518 351 2587 Sanctum
369 2518 622 2606 Hippolytum
649 2518 861 2586 Romanum
878 2518 1030 2587 Codicis
1047 2516 1320 2612 Plttlosopltou-

168 2664 280 2713 mena
296 2650 487 2714 auctorem
502 2665 577 2713 non
594 2626 723 2713 fuisse.

692 2856 806 2907 XLIII.

217 3002 377 3071 Sanctus
393 3001 619 3089 Cyprianus,
634 3002 808 3089 quamvis
818 3001 961 3068 limites
973 3000 1243 3069 moderationis
1259 3024 1321 3069 ex·

170 3128 326 3196 cesserit
349 3128 390 3194 in
407 3148 476 3195 sua
492 3126 592 3195 circa
616 3127 895 3195 reiterationem
918 3126 1100 3212 baptismi
1117 3126 1320 3195 haeretico-

169 3275 254 3322 rum
280 3254 529 3339 contentione,
551 3252 797 3322 nihilosecius
822 3253 920 3320 bona
948 3253 1021 3320 fide
1045 3253 1137 3339 egit3
1162 3273 1229 3320 nec
1246 3274 1321 3321 om-

171 3381 264 3449 nino
292 3380 429 3448 desunt
450 3385 672 3467 argumenta
700 3379 839 3465 quibus
864 3399 934 3445 sua
962 3378 1114 3446 Summo
1143 3377 1320 3445 Pontifici

170 3506 375 3575 submissio
391 3506 621 3575 stabiliatur.

693 3668 802 3716 XLIV.

220 3810 408 3879 Historice
424 3808 575 3897 probari
592 3808 727 3896 nequit
743 3807 887 3895 Papam
907 3808 1096 3876 Liberium
1114 3830 1136 3876 a
1153 3808 1226 3875 fide
1242 3830 1322 3877 esse

168 3938 335 4023 lapsum;
360 3957 408 4004 ex
432 3935 667 4003 documentis
689 3935 818 4022 potius
835 3940 951 4021 patet,
973 3934 1075 4021 quod
1102 3928 1174 4002 iste
1191 3935 1320 4002 Ponti-

167 4062 237 4131 fex
253 4062 351 4129 nulli
367 4061 551 4129 formulae
567 4060 777 4129 haereticae
795 4059 1070 4146 subscripserit.

700 4275 788 4324 XLV.

215 4420 440 4489 Inconstans
456 4418 728 4501 mutabilisque
748 4414 884 4503 agendi
903 4415 1000 4482 ratio
1021 4413 1149 4501 Papae
1166 4414 1316 4501 vigilii,

159 4548 296 4647 quoad
323 4546 437 4614 trium
460 4544 721 4631 carritulorum
741 4542 1011 4631 quaestionem,
1032 4540 1163 4609 arduis
1179 4547 1319 4633 tempo·
