3125 5317
816 624 819 633 '
860 640 902 701 10

833 837 931 886 XXII.

351 975 459 1042 Duae
485 982 574 1043 snut
598 975 823 1062 praecipuae
841 978 1000 1045 virtutes
1029 998 1125 1064 quae
1141 977 1346 1045 hominnm
1362 976 1452 1042 rela-

306 1102 428 1169 tiones
448 1101 496 1168 ad
519 1101 681 1169 invicem
706 1102 916 1187 perficiunt,
937 1103 1090 1189 justitia
1114 1110 1152 1170 et
1176 1103 1366 1185 charitas3
1391 1122 1454 1168 eae

306 1234 434 1295 autem
450 1227 610 1295 virtutes
632 1234 715 1296 tum
740 1230 780 1295 in
807 1229 895 1296 aliis
921 1236 1003 1297 turn
1019 1230 1059 1296 in
1076 1229 1146 1297 hoc
1162 1230 1362 1316 praecipue
1379 1228 1455 1295 dis·

305 1354 534 1439 tinguuntur
559 1355 660 1433 quod
685 1354 838 1441 justitia
864 1356 926 1441 jus
951 1356 1118 1423 alienum
1134 1360 1269 1439 servat,
1290 1354 1455 1422 charitas

307 1499 392 1546 vero
409 1480 550 1545 bonum
566 1480 762 1565 proprium
778 1482 1042 1548 communicat.

822 1710 938 1757 xxrrr.
995 1768 997 1772 ,

360 1850 657 1918 “Communitas
683 1870 807 1917 rerum
833 1851 1058 1917 attribuitur
1081 1851 1157 1938 jnri
1182 1849 1362 1931 naturali,
1383 1868 1455 1915 non

308 1977 398 2056 quia
423 1978 485 2061 J'us
511 1975 684 2043 naturale
709 1976 830 2043 dictet
855 1976 982 2043 omnia
1006 1996 1086 2043 esse
1110 1974 1338 2061 possidenda
1362 1993 1455 2041 com-

308 2103 484 2185 muniter,
499 2107 537 2169 et
548 2101 644 2167 nihil
657 2122 735 2169 esse
750 2102 858 2187 quasi
878 2102 1073 2187 proprium
1085 2101 1369 2187 possidendum
1394 2099 1458 2166 sed

308 2228 400 2307 quia
425 2228 631 2294 secundum
654 2228 717 2313 jus
740 2227 912 2293 naturale
929 2246 1002 2294 non
1020 2228 1077 2294 est
1093 2226 1292 2293 distinctio
1316 2245 1457 2305 posses-

309 2353 469 2434 sionum,
481 2353 545 2419 sed
557 2352 678 2437 magis
686 2352 1107 2419 secundumhumanum
1117 2352 1343 2433 condictum,
1357 2350 1455 2431 quod

307 2479 473 2560 pertinet
499 2478 634 2564 adjus
660 2477 878 2563 positivum.
932 2476 1040 2545 Unde
1072 2477 1283 2563 proprietas
1315 2496 1456 2561 posses·

308 2605 458 2670 sionum
484 2623 557 2670 non
584 2608 642 2669 est
667 2609 798 2669 contra
820 2604 882 2689 jus
903 2604 1086 2686 naturale,
1108 2603 1171 2669 sed
1196 2601 1273 2689 iuri
1290 2601 1456 2667 naturali

310 2729 579 2815 superadditur
602 2748 669 2813 per
693 2726 998 2795 adinventionem
1020 2728 1180 2795 rationis
1200 2726 1449 2794 humanae.''1

830 2940 933 2988 xxiv.

355 3084 379 3152 J
382 3104 447 3151 ure
463 3083 709 3170 proprietatis
733 3085 806 3149 rite
824 3083 1026 3165 intellectu,
1049 3082 1255 3149 secundum
1272 3080 1458 3148 Ecclesiae

309 3210 454 3278 scilicet
485 3209 698 3277 doctrinam
728 3217 767 3275 et
798 3228 911 3275 sanae
951 3208 1216 3294 philosophiae
1255 3206 1455 3293 principia,

308 3336 420 3403 facile
452 3335 651 3402 solvuntur
683 3353 779 3414 quae
812 3340 941 3401 contra
975 3334 1257 3419 legitimitatem
1288 3332 1459 3417 privatae

311 3460 558 3548 proprietatis
575 3467 694 3528 terrae
712 3460 889 3545 opposita
905 3459 1071 3544 fuerunt,
1093 3480 1113 3526 a
1132 3460 1331 3545 Spenoer,²
1356 3457 1460 3523 Wal-

312 3589 423 3671 lace,3
448 3587 546 3654 aliis.

838 3696 925 3743 xxv.

360 3822 466 3889 Licet
493 3822 605 3889 horno
634 3843 656 3888 a
684 3828 821 3888 natura
846 3821 984 3887 habeat
1014 3827 1056 3887 ut
1082 3818 1354 3905 proprietarius
1381 3818 1459 3885 fieri

311 3948 432 4033 possit
448 3967 573 4014 rerum
596 3954 849 4029 externarum,
871 3952 908 4014 et
925 3946 994 4013 hoc
1011 3966 1122 4013 sensu
1138 3946 1200 4032 jus
1216 3943 1461 4030 proprietatis

311 4074 362 4140 sit
388 4074 572 4155 naturale,
594 4078 719 4139 tamen
738 4094 760 4139 a
776 4082 912 4139 natura
939 4092 1013 4139 non
1037 4064 1155 4138 habet
1179 4044 1281 4150 qnod
1303 4070 1354 4137 sit
1371 4068 1461 4135 talis

311 4199 583 4266 determinatae
596 4199 647 4265 rei
661 4198 945 4283 proprietariae,
961 4197 1026 4264 sed
1043 4197 1114 4264 hoo
1124 4195 1297 4281 provenit
1306 4215 1350 4263 ex
1361 4194 1460 4261 facto

316 4330 472 4335 ——-—-
512 4329 570 4333 —-
605 4329 669 4333 ———
699 4324 1459 4339 --ffl-mw———ss——ss—-mm

365 4376 394 4428 S.
409 4375 550 4438 Thomas,
565 4377 618 4438 2-2,
633 4389 661 4440 q.
676 4377 718 4437 66,
732 4388 758 4426 a.
773 4377 798 4426 2.

345 4458 597 4523 18002282022οοἸ
614 4457 672 4522 (let
682 4456 744 4523 ed.)
759 4456 835 4509 Part
846 4459 871 4521 2,
886 4456 973 4521 chap.
988 4458 1013 4511 2.

345 4542 455 4597 'Laud
464 4541 731 4607 calamitosae,
745 4540 834 4608 chap.
848 4542 864 4594 7
876 4538 938 4593 and
954 4542 980 4593 8.
