3125 5317
1982 541 2025 603 8

1902 710 2088 765 XXV.

941 815 1286 884 Libertas
1335 815 1474 882 illa
1535 832 1729 900 qnae
1776 810 2237 897 operationis
2300 810 2607 879 moralis
2655 813 2732 877 et
2786 807 3125 877 salutarit

845 923 1183 991 conditio
1216 929 1332 992 est
1362 919 1809 1002 essentialis,
1843 925 1920 987 et
1953 939 2143 1006 quae
2169 920 2450 989 idcirco
2474 940 2696 988 sensu
2729 916 3125 985 christian<

846 1030 1159 1100 libertas
1192 1031 1637 1119 simpliciter
1668 1027 1971 1112 dicitur,
2014 1047 2162 1097 non
2195 1036 2310 1097 est
2329 1029 2639 1097 libertas
2672 1048 2717 1095 a
2743 1027 2902 1096 sola
2936 1044 3125 1094 coac·

845 1138 1073 1224 tione,
1115 1143 1241 1209 sed
1278 1146 1393 1209 est
1423 1141 1733 1208 libertas
1767 1163 1811 1209 a
1848 1137 2311 1224 necessitate,
2369 1159 2499 1206 seu
2532 1158 2578 1205 a
2609 1135 2687 1202 vi
2733 1134 3125 1202 intrinseca

848 1247 1417 1318 determinante.
1869 1345 1876 1351 ἡ

1893 1358 2107 1412 XXVI.

950 1461 998 1494 “
1024 1456 1100 1523 Si
1164 1458 1336 1544 quis
1397 1464 1596 1526 recte
1665 1459 2105 1541 consideret,
2148 1458 2400 1525 omnia
2463 1476 2558 1523 ex
2614 1453 2891 1541 quibus
2954 1450 3125 1518 fides

843 1568 1093 1648 potest
1141 1565 1438 1633 definiri
1487 1567 1568 1634 in
1624 1566 1974 1653 Apostoli
2023 1564 2525 1651 descriptione
2570 1561 2825 1649 (Hebr.
2888 1559 3021 1626 XI.
3065 1559 3125 1643 1]

844 1675 1284 1759 tanguntur,
1326 1673 1506 1742 licet
1539 1676 1764 1744 verba
1795 1696 1943 1744 non
1971 1674 2415 1742 ordinentur
2447 1672 2585 1739 sub
2611 1670 2853 1738 forma
2877 1666 3125 1734 defini-

851 1778 1167 1847 tionis.”

2136 1891 2192 1944 8.
2232 1888 2480 1949 Thomas,
2507 1889 2556 1949 2,
2581 1889 2631 1948 2,
2652 1902 2699 1952 q.
2728 1886 2778 1947 4,
2804 1901 2857 1937 a.
2888 1887 2933 1936 1.

1874 2007 2117 2062 XXVII.

946 2105 1558 2177 “Convenienter
1621 2109 2200 2196 distinguuntur
2260 2113 2473 2175 actus
2554 2104 2727 2173 fidei
2794 2124 2923 2191 per
2992 2102 3125 2169 hoe

844 2214 1050 2299 quod
1071 2221 1186 2282 est
1217 2217 1510 2285 credere
1543 2217 1725 2300 De0,
1755 2218 2050 2285 credere
2076 2217 2339 2299 Deum,
2375 2215 2669 2283 credere
2694 2213 2772 2279 in
2802 2211 3125 2280 Deum.”

2108 2325 2164 2377 S.
2202 2323 2451 2382 Thomas,
2478 2325 2528 2384 2,
2555 2324 2605 2384 2,
2632 2337 2679 2387 q.
2708 2323 2758 2381 2.
2796 2337 2849 2373 a.
2879 2321 2933 2371 2.

1863 2459 2138 2513 XXVIII.

939 2575 1060 2642 Ad
1112 2581 1360 2642 actum
1409 2576 1586 2644 fidei
1649 2577 2064 2644 necessaria
2111 2583 2224 2644 est
2285 2576 2533 2664 gratia
2596 2572 3125 2641 illustrationis

843 2702 979 2767 pro
1014 2683 1402 2752 intellectu
1435 2692 1511 2753 et
1543 2684 2063 2771 inspirationis
2096 2706 2230 2772 pro
2256 2686 2665 2768 voluntate,
2708 2704 2856 2750 non
2891 2683 3125 2750 solum

845 2791 1315 2859 medicinalis
1348 2793 1477 2860 sed
1529 2793 1757 2861 etiam
1814 2795 2132 2878 elevanS,
2176 2794 2513 2879 adeoque
2547 2797 2759 2859 actus
2792 2790 2969 2858 fidei
3017 2796 3125 2858 est

840 2901 1176 2968 entative
1197 2901 1792 2987 supernaturalis
1813 2908 1889 2970 et
1902 2901 2306 2969 necessitas
2321 2901 2611 2989 gratiae
2625 2906 2740 2968 est
2755 2900 2963 2967 absol
2971 2905 3122 2966 uta.

1881 3059 2097 3113 XXIX.

945 3159 1394 3240 “Quantum
1421 3162 1518 3227 ad
1544 3162 2046 3228 substantiam
2068 3162 2242 3229 fidei
2266 3181 2411 3228 non
2429 3167 2543 3230 est
2566 3160 2850 3227 factum
2876 3181 3125 3228 eorum

840 3273 1325 3353 augmentum
1358 3288 1491 3354 per
1522 3275 1940 3355 temporum
1993 3270 2528 3337 successionem
2580 3270 2709 3336 sed
2761 3275 3125 3356 quantum

842 3374 941 3441 ad
970 3374 1550 3460 explicationem
1585 3378 1820 3446 crevit
1851 3398 2201 3445 numerus
2235 3378 2804 3445 articulorum.”

2140 3485 2196 3538 Β.
2233 3485 2465 3536 Thomas
2486 3486 2537 3547 2,
2564 3487 2614 3545 2,
2641 3500 2688 3550 q.
2721 3488 2767 3546 1,
2794 3500 2848 3537 a.
2878 3486 2926 3538 7.

1891 3602 2076 3655 XXX.

927 3699 1220 3768 Nomen
1261 3706 1308 3740 “
1326 3701 1469 3770 Dei
1503 3701 1857 3771 Genitrix
1878 3704 1926 3737 '’
1961 3710 2075 3772 est
2100 3723 2494 3790 supremus
2520 3703 2795 3771 titulus
2820 3703 3125 3771 honoris

833 3807 913 3874 in
947 3829 1138 3895 pura
1171 3815 1513 3878 creatura
1543 3815 1620 3877 et
1651 3810 1876 3878 radix
1910 3811 2245 3878 omnium
2288 3810 2906 3880 excellentiarum
2942 3810 3125 3880 Bea-

836 3917 1177 3986 tissimae
1209 3917 1574 4005 Virginis.
2397 3927 2404 3934 '

1873 4026 2093 4081 XXXI.

927 4126 1207 4194 Beatae
1240 4125 1546 4212 Virgini
1579 4126 1865 4196 Mariae
1903 4127 2217 4195 debetur
2272 4129 2522 4196 cultus
2579 4115 3076 4215 hyper-duliae
3106 4153 3122 4197 :

838 4234 984 4303 iste
1040 4240 1288 4302 autem
1345 4236 1597 4302 cultus
1649 4242 2077 4304 constanter
2108 4235 2188 4303 in
2232 4235 2569 4305 Ecclesia
2601 4232 2933 4305 tributus
2982 4244 3119 4323 est,

835 4343 1101 4429 primis
1132 4343 1361 4411 etiam
1395 4343 1714 4411 saeculis
1746 4349 1823 4411 et
1853 4343 2296 4412 nominatim
2330 4351 2505 4414 ante
2538 4344 2905 4413 haeresim
2939 4345 3124 4415 Nes-

834 4451 1231 4536 torianam,
1273 4452 1390 4520 vel
1423 4451 1877 4538 Ephesinam
1914 4453 2321 4537 Synodum.
