3125 5317
817 582 860 645 12

267 766 325 829 est
350 760 561 844 honestum,
590 762 632 829 id
656 768 820 849 quatuor
844 762 1010 849 partium
1037 763 1157 831 oritur
1189 784 1236 830 ex
1268 760 1413 849 aliqua.

267 887 349 955 Aut
363 888 463 955 enim
480 888 521 954 in
538 887 805 974 perspicientia
822 888 900 955 veri
917 888 1144 976 solertiaque
1160 893 1331 957 versatur
1348 892 1417 955 aut

267 1012 307 1078 in
318 1011 512 1080 hominum
526 1013 704 1081 societate
714 1014 856 1081 tuenda
867 1013 1142 1100 tribuendoque
1155 1033 1266 1081 suu1n
1279 1013 1417 1099 cuique

267 1147 305 1205 et
330 1158 453 1205 rerum
477 1144 753 1206 contractarum
770 1139 843 1206 fide
860 1139 984 1206 autin
1001 1138 1119 1205 animi
1143 1138 1282 1206 excelsi
1300 1143 1417 1225 atque

267 1262 407 1331 invicti
435 1264 697 1349 magnitudine
722 1284 765 1331 ac
794 1264 923 1331 robore
952 1269 1019 1330 ant
1047 1263 1087 1329 in
1112 1263 1289 1347 omnium,
1318 1282 1417 1349 quae

267 1389 364 1455 fiunt
390 1409 560 1477 quaeque
584 1390 775 1474 dicuntur,
797 1390 928 1458 ordine
952 1395 989 1457 et
1014 1390 1134 1472 modo,
1157 1389 1291 1476 inquo
1316 1387 1419 1456 inest

267 1515 452 1582 modestia
469 1521 506 1582 et
522 1517 835 1601 temperantia.''1
882 1516 982 1583 Haeo
999 1515 1185 1583 virtutum
1201 1514 1414 1597 distinctim

267 1660 363 1725 quae
388 1642 508 1708 multo
540 1641 741 1726 perfectior
764 1646 822 1709 est
845 1641 900 1707 eis
924 1661 1018 1726 quas
1039 1645 1314 1725 proposuerunt
1338 1639 1419 1705 sive

266 1765 527 1833 reformatores
553 1766 631 1833 sive
654 1773 818 1833 recentes
844 1765 1075 1852 philosophi,
1107 1765 1241 1831 merito
1270 1765 1317 1831 ab
1349 1764 1418 1831 Ec·

267 1891 382 1958 clesia
398 1891 588 1978 prioribus
603 1894 680 1979 jam
697 1891 858 1960 saeculis
883 1898 1036 1978 accepta
1058 1912 1100 1959 ac
1125 1896 1339 1959 constanter
1360 1910 1417 1957 re-

268 2022 375 2083 tenta
390 2022 458 2084 est.

780 2144 907 2192 xxxrr.

319 2290 342 2322 “
354 2284 489 2352 Omnia
505 2285 745 2353 delectabilia
762 2306 858 2372 quae
875 2285 915 2352 in
933 2306 1042 2353 usum
1060 2284 1225 2352 hominis
1239 2284 1414 2367 veniunt,

268 2411 494 2479 ordinantur
517 2412 567 2480 ad
591 2411 759 2498 aliquam
785 2412 900 2498 huJus
921 2411 1021 2478 vitae
1045 2409 1316 2477 necessitatem.
1368 2408 1422 2475 Et

269 2536 354 2604 ideo
370 2538 622 2623 temperantia
632 2537 772 2622 accipit
784 2535 1044 2603 necessitatem
1062 2536 1178 2621 hujus
1191 2535 1301 2615 vitae,
1318 2534 1421 2601 siout

269 2662 437 2748 regulam
451 2662 734 2730 delectabilium
748 2662 886 2749 quibus
900 2661 1033 2745 utitur,
1050 2666 1094 2738 ut
1110 2661 1255 2728 scilicet
1267 2665 1420 2727 tautum

268 2785 322 2853 eis
340 2792 471 2854 utatur
488 2793 671 2874 quantum
688 2785 891 2853 necessitas
909 2784 1023 2871 hujus
1040 2782 1141 2851 vitae
1156 2783 1379 2870 requirit.”2

772 2982 917 3029 XXXIII.

316 3124 426 3209 Legis
452 3123 721 3209 temperantiae
745 3122 889 3207 duplex
906 3128 962 3188 est
978 3122 1138 3207 gradus:
1166 3120 1320 3206 primus,
1342 3141 1421 3188 om-

270 3248 381 3315 nibus
406 3247 622 3315 homiuibus
647 3247 818 3314 absolute
841 3246 1106 3332 praescriptus,
1127 3246 1167 3311 iu
1184 3267 1226 3313 eo
1244 3246 1422 3313 consistit

270 3373 399 3440 uthis
424 3372 713 3440 delectabilibus
738 3372 941 3439 secundum
965 3372 1147 3439 rationem
1167 3378 1338 3453 utentum
1365 3392 1420 3438 se-

270 3499 427 3581 cundus,
457 3519 529 3564 non
555 3498 725 3565 absolute
751 3498 813 3563 sed
840 3496 996 3563 relative
1022 3496 1285 3583 praescriptus,
1310 3496 1350 3561 in
1376 3518 1421 3563 eo

270 3624 445 3691 consistit
461 3633 504 3690 nt
521 3624 724 3691 secundum
742 3623 924 3689 rationem
942 3622 989 3689 ab
1007 3622 1061 3689 eis
1078 3621 1302 3689 abstineant.

774 3837 913 3884 XXXIV.

322 3980 549 4066 “Jejunium
582 3979 622 4045 in
653 3978 840 4046 communi
870 3978 974 4045 cadit
998 3978 1067 4045 sub
1092 3983 1290 4063 praecepto
1323 3976 1422 4063 legis

272 4113 452 4172 naturae:
480 4105 545 4171 sed
561 4104 826 4171 determinatio
844 4103 1023 4189 temporis
1038 4095 1080 4171 ¹et
1101 4103 1201 4170 modi
1218 4102 1420 4189 jejunandi

272 4232 474 4299 secundum
483 4230 782 4297 convenientiam
792 4235 830 4296 et
841 4230 1048 4296 utilitatem
1060 4228 1191 4315 populi
1203 4227 1417 4313 christiani,

271 4362 564 4476 ”odorra
811 4362 851 4365 ”
1305 4362 1310 4364 ’

309 4493 357 4549 ’8.
370 4493 511 4561 Thomas,
525 4494 578 4559 Μ,
591 4506 620 4560 q.
635 4494 692 4559 141,
705 4506 731 4545 a
747 4494 771 4544 t.
