3125 5317
826 665 846 764 ὁ

816 909 852 957 ν.

305 1013 364 1082 Ex
392 1015 649 1102 contingentia
679 1036 800 1083 rerum
826 1016 1099 1083 mundanarum
1125 1015 1287 1081 infertur
1311 1012 1408 1081 exis·

258 1141 378 1209 tentia
392 1142 554 1228 alicujus
570 1141 668 1208 entis
685 1143 883 1215 necessarii
896 1162 960 1208 seu
977 1163 1000 1208 a
1017 1162 1054 1207 se
1071 1141 1172 1228 quod
1190 1142 1240 1207 sit
1257 1141 1412 1208 Creator

261 1267 440 1335 omnium.

803 1378 858 1426 vr.

309 1485 367 1550 Ex
391 1491 537 1568 ornatu,
565 1485 760 1552 harmonia.
777 1507 819 1552 ac
843 1487 974 1553 ordine
996 1507 1116 1552 rerum
1135 1485 1411 1552 mundanarum

263 1611 657 1696 valdeellioaxpetitur
668 1619 939 1697 argumentum,
951 1610 1302 1699 quoastruaturDei
1314 1609 1411 1676 exis-

262 1736 393 1802 tentia.

800 1848 871 1897 vn.

310 1953 432 2021 Verba
459 1962 497 2021 et
523 1962 720 2022 contextus
749 1956 928 2024 sermonis
954 1955 1067 2022 Pauli
1096 1954 1144 2021 ad
1172 1956 1410 2052 areopagum

264 2081 338 2152 Act
362 2080 439 2146 xvi.
466 2085 509 2147 22
535 2102 609 2168 seq.
638 2083 842 2149 ostendunt
867 2082 897 2148 B
923 2081 1146 2166 Apostolum
1171 2080 1240 2145 hoo
1265 2098 1414 2164 quoque

264 2205 336 2271 sibi
373 2207 620 2292 proposuisse,
658 2214 701 2274 ut
732 2207 981 2274 Athenienses
1020 2207 1169 2274 doceret
1200 2225 1247 2271 ex
1278 2202 1410 2270 mundi

262 2331 534 2414 gubernatione
551 2333 720 2419 cognosci
738 2333 856 2400 Deum
876 2339 920 2400 ut
936 2332 1181 2400 Provisorem.

790 2495 879 2542 vm.

313 2601 472 2680 “Quum
499 2602 609 2670 homo
635 2624 657 2668 a
683 2602 762 2670 Deo
787 2608 966 2688 tanquam
992 2602 1165 2670 Creatore
1187 2606 1224 2666 et
1250 2597 1413 2665 Domino

266 2745 333 2792 suo
360 2734 462 2794 totus
488 2729 706 2814 dependeat,
728 2730 880 2796 stratio
897 2735 1020 2795 ereata
1046 2729 1230 2793 increatae
1248 2723 1414 2792 Veritati

265 2853 417 2936 penitus
434 2855 600 2939 subjecta
614 2855 724 2936 sit,’‘¹
745 2855 939 2922 evidenter
950 2853 1121 2940 sequitur
1131 2858 1185 2934 ut,
1203 2851 1246 2933 si,
1266 2858 1415 2936 praeter

267 2981 486 3062 naturalem,
502 2983 614 3049 etiam
623 2981 1170 3068 supernaturalemreligionem
1183 2979 1286 3045 Deus
1295 2977 1413 3044 homi-

265 3123 330 3170 nes
348 3106 522 3192 amplecti
540 3108 703 3194 jusserit,
725 3108 842 3175 nullis
867 3106 1098 3194 argumentis
1124 3106 1214 3173 haee
1230 3103 1415 3189 obligatio

265 3231 386 3315 possit
402 3233 518 3299 eludi.

810 3346 864 3393 rx.

314 3447 416 3515 Talis
443 3451 621 3518 constitui
651 3458 774 3538 potest
798 3451 983 3519 habitudo
1007 3451 1205 3519 rationalis
1222 3457 1416 3516 creaturae

269 3574 317 3640 ad
344 3574 475 3659 Deum,
501 3598 596 3662 quae
621 3578 740 3663 ipsam
767 3599 879 3664 supra
907 3578 1043 3645 insitas
1059 3579 1156 3643 vires
1172 3576 1416 3661 nativamque

266 3701 495 3786 exigentiam
505 3704 632 3788 elevet,
648 3710 685 3770 et
694 3704 923 3790 participato
934 3704 1085 3771 divinae
1093 3708 1248 3769 naturae
1258 3715 1417 3768 exornet

267 3827 468 3895 consortio:
496 3829 535 3895 in
563 3829 631 3896 hoc
654 3837 755 3897 statu
783 3830 957 3917 justitiae
981 3837 1019 3895 et
1050 3829 1266 3895 sanctitatis
1290 3829 1415 3895 Adam

267 3971 289 4017 a
306 3951 385 4018 Deo
402 3955 631 4022 constitutus
647 3962 713 4023 est.

821 4065 858 4114 x.

312 4172 583 4240 Affirmandum
604 4181 661 4241 est
685 4174 901 4260 possibilem
928 4195 1007 4240 esse
1023 4173 1286 4241 revelationem
1312 4171 1414 4257 posi·

266 4301 383 4366 tivam
400 4321 476 4386 qua
493 4301 594 4368 Deus
612 4302 688 4368 sive
705 4301 922 4368 immediate
938 4321 1005 4386 per
1021 4322 1059 4367 se
1076 4301 1154 4366 sive
1169 4299 1331 4366 mediate
1348 4321 1417 4384 per

267 4425 409 4511 legatos
421 4449 443 4493 a
456 4449 494 4494 se
505 4428 638 4494 missos
651 4427 827 4495 veritates
838 4426 1041 4493 credendas
1054 4425 1196 4492 homini
1211 4435 1412 4510 proponat.

266 4555 520 4567 ..μ-.-ψ
555 4559 722 4564 -..-.---—.-.—
766 4559 830 4563 „—
852 4557 963 4563 ,-,.--
977 4553 1259 4562 ..—.-............-.—-—
1276 4549 1415 4559 ...ᾤ-

302 4590 402 4642 ¹Conc.
417 4591 495 4652 vat,
510 4591 611 4641 Const.
627 4588 687 4641 Dei
699 4588 803 4650 Filius,
817 4603 841 4640 c.
855 4585 896 4638 iii.
