3125 5317
838 494 880 556 10

254 648 386 735 primis
417 651 550 733 elucet,
583 651 684 736 quod
717 649 892 718 Christus
925 648 1110 715 Dominus
1142 647 1345 733 perfectam
1375 668 1455 715 eam

255 757 470 826 societatem
488 758 699 826 constitnit.

759 902 936 951 XXXVIII.

301 1010 468 1077 Ecclesia
485 1010 710 1077 adsalutem
739 1008 983 1077 obtinendam
1009 1008 1065 1076 ita
1091 1015 1148 1076 est
1173 1008 1384 1076 necessaria
1414 1013 1456 1075 nt

254 1118 320 1205 qui
346 1125 455 1186 extra
479 1140 560 1186 eam
587 1118 739 1205 propria
757 1118 868 1205 culpa
898 1117 1095 1185 constituti
1120 1138 1168 1185 ex
1191 1116 1261 1184 hac
1288 1117 1368 1184 vita
1394 1116 1455 1183 de-

254 1228 394 1295 cedunt
410 1229 569 1295 salntem
587 1228 755 1299 obtinere
773 1234 971 1313 nequeant.

783 1389 923 1437 xxxix.
970 1422 974 1431 .

300 1497 420 1564 Homo
437 1503 563 1582 potest
579 1498 675 1564 citra
690 1491 955 1564 revelationem
972 1495 1173 1581 positivam
1192 1496 1270 1564 solo
1294 1494 1455 1563 rationis

254 1607 396 1674 lumine
413 1605 485 1673 Dei
502 1606 743 1673 existentiam
761 1611 862 1673 certo
880 1625 1107 1692 cognoscere.

482 1724 485 1726 Α
821 1767 885 1815 111.

302 1875 485 1961 Legitime
510 1873 660 1942 omnino
689 1875 815 1942 cultus
848 1874 1083 1942 Sanctissimi
1117 1873 1250 1942 Oordis
1282 1873 1374 1940 Jesu
1409 1874 1455 1939 ab

255 1984 422 2052 Ecclesia
438 1983 669 2069 approbatus
686 1989 743 2050 est
760 1988 798 2051 et
815 1983 1107 2051 commendatus.

817 2146 896 2193 XLI.

300 2252 457 2319 Nullius
473 2252 636 2339 injuriae
653 2273 737 2319 reus
754 2258 811 2319 est
836 2252 912 2338 qui,
934 2252 1003 2318 sub
1021 2252 1132 2319 certis
1157 2250 1451 2333 conditionibus,

253 2361 402 2428 occulta
429 2361 731 2446 compensatione
757 2362 902 2443 utitur3
937 2381 1013 2443 seu,
1046 2382 1093 2427 ex
1125 2360 1233 2427 bonis
1264 2359 1454 2428 Creatoris

254 2471 350 2536 olam
367 2469 465 2536 illud
483 2470 600 2537 sumit
615 2469 717 2556 quod
735 2470 809 2536 sibi
826 2470 993 2537 debetur.

807 2631 903 2678 xu11.

300 2737 456 2804 Nullius
487 2738 651 2825 injurias
682 2758 767 2805 reus
793 2743 850 2805 est
873 2738 949 2824 qui,
971 2758 1009 2805 se
1027 2757 1169 2824 suaque
1203 2736 1450 2820 defendendo,

254 2848 439 2934 injustum
457 2867 710 2934 aggressorem
728 2846 919 2913 interficit.

797 3008 911 3056 111111.

300 3114 450 3202 Optime
468 3138 490 3183 a
515 3116 549 3182 S.
570 3116 711 3182 Thomu
734 3116 796 3183 lex
821 3116 1009 3198 definitur,
1044 3114 1269 3183 “ordinatio
1293 3115 1454 3182 rationis

254 3225 303 3291 ad
319 3226 457 3292 bonum
475 3244 667 3292 commune
693 3233 731 3292 et
748 3225 795 3292 ab
822 3244 864 3291 οο
881 3224 947 3310 qui
974 3245 1101 3291 curam
1118 3224 1233 3291 habet
1250 3224 1452 3290 communi·

253 3332 346 3401 tatis
359 3334 638 3419 promulgata.'’

796 3459 906 3507 xurv.

184 3662 187 3666 ἱ
301 3568 530 3635 Sacramenti
562 3568 817 3652 poenitentiae
849 3567 1021 3634 minister
1053 3572 1109 3635 est
1146 3567 1249 3634 solus
1280 3566 1453 3634 sacerdos

253 3676 425 3762 legitima
440 3681 628 3761 potestate
650 3676 806 3761 pollens.

803 3838 896 3886 xnv.

300 3945 486 4032 Legitima
502 3946 761 4029 operationum
779 3946 910 4032 regula
926 3966 1001 4011 non
1020 3951 1077 4013 est
1089 3944 1319 4018 conscientia
1335 3945 1453 4012 dubia

253 4055 311 4120 vel
328 4054 522 4139 opinativa
539 4054 602 4121 sed
621 4054 702 4121 sola
718 4054 948 4122 conscientia
970 4055 1102 4121 saltem
1127 4054 1319 4121 moraliter
1335 4059 1448 4121 certa.

796 4233 906 4281 xnvr.

301 4340 417 4425 Leges
434 4360 457 4405 a
475 4339 509 4405 S.
526 4338 826 4423 Pontifioelatae
838 4360 906 4425 pro
924 4340 1129 4408 universali
1142 4340 1309 4407 Ecclesia
1325 4358 1452 4407 omnes
