<?xml version="1.0" encoding="UTF-8"?>
<!DOCTYPE html PUBLIC "-//W3C//DTD XHTML 1.0 Transitional//EN"
    "http://www.w3.org/TR/xhtml1/DTD/xhtml1-transitional.dtd">
<html xmlns="http://www.w3.org/1999/xhtml" xml:lang="en" lang="en">
 <head>
  <title>
</title>
<meta http-equiv="Content-Type" content="text/html;charset=utf-8" />
  <meta name='ocr-system' content='tesseract 3.04.00' />
  <meta name='ocr-capabilities' content='ocr_page ocr_carea ocr_par ocr_line ocrx_word'/>
</head>
<body>
  <div class='ocr_page' id='page_1' title='image "./thesesadlicenti00amergoog_0276.png"; bbox 0 0 3125 5317; ppageno 0'>
   <div class='ocr_carea' id='block_1_1' title="bbox 849 637 892 700">
    <p class='ocr_par' dir='ltr' id='par_1_1' title="bbox 849 637 892 700">
     <span class='ocr_line' id='line_1_1' title="bbox 849 637 892 700; baseline 0 0"><span class='ocrx_word' id='word_1_1' title='bbox 849 637 892 700; x_wconf 91' lang='lat'><strong>10</strong></span> 
     </span>
    </p>
   </div>
   <div class='ocr_carea' id='block_1_2' title="bbox 796 833 941 884">
    <p class='ocr_par' dir='ltr' id='par_1_2' title="bbox 796 833 941 884">
     <span class='ocr_line' id='line_1_2' title="bbox 796 833 941 884; baseline 0 0"><span class='ocrx_word' id='word_1_2' title='bbox 796 833 941 884; x_wconf 81' lang='lat' dir='ltr'>XXVIII.</span> 
     </span>
    </p>
   </div>
   <div class='ocr_carea' id='block_1_3' title="bbox 290 979 1441 1319">
    <p class='ocr_par' dir='ltr' id='par_1_3' title="bbox 290 979 1441 1319">
     <span class='ocr_line' id='line_1_3' title="bbox 337 979 1438 1066; baseline -0.001 -18"><span class='ocrx_word' id='word_1_3' title='bbox 337 981 442 1048; x_wconf 84' lang='lat' dir='ltr'><strong>Licet</strong></span> <span class='ocrx_word' id='word_1_4' title='bbox 458 979 620 1048; x_wconf 89' lang='lat' dir='ltr'><strong>actualis</strong></span> <span class='ocrx_word' id='word_1_5' title='bbox 634 998 756 1047; x_wconf 91' lang='lat' dir='ltr'><strong>rerum</strong></span> <span class='ocrx_word' id='word_1_6' title='bbox 774 984 1017 1047; x_wconf 86' lang='lat' dir='ltr'><strong>externarum</strong></span> <span class='ocrx_word' id='word_1_7' title='bbox 1030 982 1241 1066; x_wconf 81' lang='lat' dir='ltr'><strong>proprietas</strong></span> <span class='ocrx_word' id='word_1_8' title='bbox 1255 999 1330 1048; x_wconf 91' lang='lat' dir='ltr'><strong>non</strong></span> <span class='ocrx_word' id='word_1_9' title='bbox 1347 979 1399 1047; x_wconf 88' lang='lat' dir='ltr'><strong>sit</strong></span> <span class='ocrx_word' id='word_1_10' title='bbox 1415 999 1438 1047; x_wconf 88' lang='lat' dir='ltr'><strong>a</strong></span> 
     </span>
     <span class='ocr_line' id='line_1_4' title="bbox 291 1104 1441 1192; baseline 0.001 -19"><span class='ocrx_word' id='word_1_11' title='bbox 291 1113 439 1191; x_wconf 90' lang='lat' dir='ltr'><strong>natura,</strong></span> <span class='ocrx_word' id='word_1_12' title='bbox 470 1107 534 1173; x_wconf 89' lang='lat' dir='ltr'><strong>sed</strong></span> <span class='ocrx_word' id='word_1_13' title='bbox 569 1127 617 1174; x_wconf 88' lang='lat' dir='ltr'><strong>ex</strong></span> <span class='ocrx_word' id='word_1_14' title='bbox 642 1104 743 1172; x_wconf 82' lang='lat' dir='ltr'><strong>facto</strong></span> <span class='ocrx_word' id='word_1_15' title='bbox 768 1104 1002 1192; x_wconf 75' lang='lat' dir='ltr'>contingenti</span> <span class='ocrx_word' id='word_1_16' title='bbox 1027 1105 1235 1192; x_wconf 85' lang='lat' dir='ltr'><strong>proveniat,</strong></span> <span class='ocrx_word' id='word_1_17' title='bbox 1267 1111 1392 1174; x_wconf 87' lang='lat' dir='ltr'><strong>tamen</strong></span> <span class='ocrx_word' id='word_1_18' title='bbox 1419 1126 1441 1174; x_wconf 85' lang='lat' dir='ltr'><strong>a</strong></span> 
     </span>
     <span class='ocr_line' id='line_1_5' title="bbox 290 1229 1146 1319; baseline -0.001 -21"><span class='ocrx_word' id='word_1_19' title='bbox 290 1236 427 1299; x_wconf 88' lang='lat' dir='ltr'><strong>natura</strong></span> <span class='ocrx_word' id='word_1_20' title='bbox 443 1237 501 1299; x_wconf 90' lang='lat' dir='ltr'><strong>est</strong></span> <span class='ocrx_word' id='word_1_21' title='bbox 516 1233 577 1319; x_wconf 87' lang='lat' dir='ltr'><strong>jus</strong></span> <span class='ocrx_word' id='word_1_22' title='bbox 595 1229 815 1318; x_wconf 88' lang='lat' dir='ltr'><strong>acquirendi</strong></span> <span class='ocrx_word' id='word_1_23' title='bbox 827 1250 886 1297; x_wconf 89' lang='lat' dir='ltr'><strong>res</strong></span> <span class='ocrx_word' id='word_1_24' title='bbox 903 1236 946 1299; x_wconf 91' lang='lat' dir='ltr'><strong>ut</strong></span> <span class='ocrx_word' id='word_1_25' title='bbox 962 1232 1146 1317; x_wconf 91' lang='lat' dir='ltr'><strong>proprias.</strong></span> 
     </span>
    </p>
   </div>
   <div class='ocr_carea' id='block_1_4' title="bbox 810 1441 922 1490">
    <p class='ocr_par' dir='ltr' id='par_1_4' title="bbox 810 1441 922 1490">
     <span class='ocr_line' id='line_1_6' title="bbox 810 1441 922 1490; baseline 0.018 -2"><span class='ocrx_word' id='word_1_26' title='bbox 810 1441 922 1490; x_wconf 83' lang='lat' dir='ltr'>XXIX.</span> 
     </span>
    </p>
   </div>
   <div class='ocr_carea' id='block_1_5' title="bbox 337 1580 1440 1669">
    <p class='ocr_par' dir='ltr' id='par_1_5' title="bbox 337 1580 1440 1669">
     <span class='ocr_line' id='line_1_7' title="bbox 337 1580 1440 1669; baseline -0.002 -18"><span class='ocrx_word' id='word_1_27' title='bbox 337 1583 522 1651; x_wconf 83' lang='lat' dir='ltr'>Naturale</span> <span class='ocrx_word' id='word_1_28' title='bbox 548 1583 692 1650; x_wconf 87' lang='lat' dir='ltr'><strong>homini</strong></span> <span class='ocrx_word' id='word_1_29' title='bbox 722 1588 780 1650; x_wconf 92' lang='lat' dir='ltr'><strong>est</strong></span> <span class='ocrx_word' id='word_1_30' title='bbox 804 1584 866 1669; x_wconf 84' lang='lat' dir='ltr'><strong>jus</strong></span> <span class='ocrx_word' id='word_1_31' title='bbox 891 1583 1138 1669; x_wconf 79' lang='lat' dir='ltr'><strong>proprietatis</strong></span> <span class='ocrx_word' id='word_1_32' title='bbox 1155 1583 1355 1651; x_wconf 83' lang='lat' dir='ltr'><strong>infructus</strong></span> <span class='ocrx_word' id='word_1_33' title='bbox 1379 1580 1440 1650; x_wconf 89' lang='lat' dir='ltr'><strong>sui</strong></span> 
     </span>
    </p>
   </div>
   <div class='ocr_carea' id='block_1_6' title="bbox 293 1709 912 1868">
    <p class='ocr_par' dir='ltr' id='par_1_6' title="bbox 293 1709 912 1868">
     <span class='ocr_line' id='line_1_8' title="bbox 293 1709 444 1779; baseline -0.026 0"><span class='ocrx_word' id='word_1_34' title='bbox 293 1709 444 1779; x_wconf 87' lang='lat' dir='ltr'><strong>laboris.</strong></span> 
     </span>
     <span class='ocr_line' id='line_1_9' title="bbox 818 1819 912 1868; baseline 0 -2"><span class='ocrx_word' id='word_1_35' title='bbox 818 1819 912 1868; x_wconf 82' lang='lat' dir='ltr'><strong>xxx.</strong></span> 
     </span>
    </p>
   </div>
   <div class='ocr_carea' id='block_1_7' title="bbox 282 1959 1442 2674">
    <p class='ocr_par' dir='ltr' id='par_1_7' title="bbox 282 1959 1442 2674">
     <span class='ocr_line' id='line_1_10' title="bbox 337 1959 1441 2046; baseline -0.003 -19"><span class='ocrx_word' id='word_1_36' title='bbox 337 1960 430 2028; x_wconf 86' lang='lat' dir='ltr'><strong>Cum</strong></span> <span class='ocrx_word' id='word_1_37' title='bbox 448 1959 636 2026; x_wconf 90' lang='lat' dir='ltr'><strong>humanus</strong></span> <span class='ocrx_word' id='word_1_38' title='bbox 653 1959 759 2025; x_wconf 87' lang='lat' dir='ltr'><strong>labor</strong></span> <span class='ocrx_word' id='word_1_39' title='bbox 771 1959 1248 2046; x_wconf 89' lang='lat' dir='ltr'><strong>praerequiratmateriam‚</strong></span> <span class='ocrx_word' id='word_1_40' title='bbox 1269 1959 1441 2045; x_wconf 92' lang='lat' dir='ltr'><strong>sequitur</strong></span> 
     </span>
     <span class='ocr_line' id='line_1_11' title="bbox 282 2083 1438 2170; baseline -0.001 -19"><span class='ocrx_word' id='word_1_41' title='bbox 282 2083 438 2152; x_wconf 71' lang='lat' dir='ltr'><strong>&#39;homini</strong></span> <span class='ocrx_word' id='word_1_42' title='bbox 453 2106 475 2152; x_wconf 89' lang='lat' dir='ltr'><strong>a</strong></span> <span class='ocrx_word' id='word_1_43' title='bbox 492 2091 628 2152; x_wconf 90' lang='lat' dir='ltr'><strong>natura</strong></span> <span class='ocrx_word' id='word_1_44' title='bbox 644 2083 766 2151; x_wconf 90' lang='lat' dir='ltr'><strong>inesse</strong></span> <span class='ocrx_word' id='word_1_45' title='bbox 791 2085 854 2170; x_wconf 87' lang='lat' dir='ltr'><strong>jus</strong></span> <span class='ocrx_word' id='word_1_46' title='bbox 870 2085 1078 2170; x_wconf 87' lang='lat' dir='ltr'><strong>occupandi</strong></span> <span class='ocrx_word' id='word_1_47' title='bbox 1096 2105 1153 2152; x_wconf 91' lang='lat' dir='ltr'><strong>res</strong></span> <span class='ocrx_word' id='word_1_48' title='bbox 1179 2083 1299 2150; x_wconf 91' lang='lat' dir='ltr'><strong>labori</strong></span> <span class='ocrx_word' id='word_1_49' title='bbox 1318 2102 1438 2150; x_wconf 87' lang='lat' dir='ltr'><strong>neces-</strong></span> 
     </span>
     <span class='ocr_line' id='line_1_12' title="bbox 291 2208 1439 2296; baseline -0.003 -18"><span class='ocrx_word' id='word_1_50' title='bbox 291 2211 421 2295; x_wconf 88' lang='lat' dir='ltr'><strong>sarias,</strong></span> <span class='ocrx_word' id='word_1_51' title='bbox 436 2210 638 2277; x_wconf 88' lang='lat' dir='ltr'><strong>dummodo</strong></span> <span class='ocrx_word' id='word_1_52' title='bbox 656 2209 823 2276; x_wconf 91' lang='lat' dir='ltr'><strong>nondum</strong></span> <span class='ocrx_word' id='word_1_53' title='bbox 848 2209 928 2276; x_wconf 89' lang='lat' dir='ltr'><strong>sint</strong></span> <span class='ocrx_word' id='word_1_54' title='bbox 951 2211 998 2277; x_wconf 91' lang='lat' dir='ltr'><strong>ab</strong></span> <span class='ocrx_word' id='word_1_55' title='bbox 1015 2209 1103 2277; x_wconf 91' lang='lat' dir='ltr'><strong>aliis</strong></span> <span class='ocrx_word' id='word_1_56' title='bbox 1120 2215 1336 2296; x_wconf 78' lang='lat' dir='ltr'><strong>occupatae:</strong></span> <span class='ocrx_word' id='word_1_57' title='bbox 1371 2208 1439 2274; x_wconf 91' lang='lat' dir='ltr'><strong>im-</strong></span> 
     </span>
     <span class='ocr_line' id='line_1_13' title="bbox 291 2333 1440 2423; baseline -0.003 -19"><span class='ocrx_word' id='word_1_58' title='bbox 291 2336 425 2404; x_wconf 90' lang='lat' dir='ltr'><strong>merito</strong></span> <span class='ocrx_word' id='word_1_59' title='bbox 450 2356 537 2422; x_wconf 84' lang='lat' dir='ltr'><strong>ergo</strong></span> <span class='ocrx_word' id='word_1_60' title='bbox 562 2336 828 2423; x_wconf 88' lang='lat' dir='ltr'><strong>aquibusdam</strong></span> <span class='ocrx_word' id='word_1_61' title='bbox 851 2335 1067 2420; x_wconf 87' lang='lat' dir='ltr'><strong>affirmatur,</strong></span> <span class='ocrx_word' id='word_1_62' title='bbox 1088 2334 1251 2422; x_wconf 90' lang='lat' dir='ltr'><strong>primum</strong></span> <span class='ocrx_word' id='word_1_63' title='bbox 1274 2333 1440 2420; x_wconf 89' lang='lat' dir='ltr'><strong>proprie-</strong></span> 
     </span>
     <span class='ocr_line' id='line_1_14' title="bbox 293 2459 1442 2544; baseline -0.006 -13"><span class='ocrx_word' id='word_1_64' title='bbox 293 2461 386 2531; x_wconf 88' lang='lat' dir='ltr'><strong>tatis</strong></span> <span class='ocrx_word' id='word_1_65' title='bbox 414 2481 536 2530; x_wconf 89' lang='lat' dir='ltr'><strong>rerum</strong></span> <span class='ocrx_word' id='word_1_66' title='bbox 563 2467 807 2530; x_wconf 83' lang='lat' dir='ltr'><strong>externarum</strong></span> <span class='ocrx_word' id='word_1_67' title='bbox 830 2459 986 2529; x_wconf 91' lang='lat' dir='ltr'><strong>titulum</strong></span> <span class='ocrx_word' id='word_1_68' title='bbox 1012 2481 1091 2528; x_wconf 90' lang='lat' dir='ltr'><strong>esse</strong></span> <span class='ocrx_word' id='word_1_69' title='bbox 1115 2461 1291 2544; x_wconf 87' lang='lat' dir='ltr'><strong>laborem,</strong></span> <span class='ocrx_word' id='word_1_70' title='bbox 1312 2479 1397 2526; x_wconf 85' lang='lat' dir='ltr'><strong>cum</strong></span> <span class='ocrx_word' id='word_1_71' title='bbox 1421 2478 1442 2525; x_wconf 87' lang='lat' dir='ltr'><strong>e</strong></span> 
     </span>
     <span class='ocr_line' id='line_1_15' title="bbox 293 2587 715 2674; baseline 0 -18"><span class='ocrx_word' id='word_1_72' title='bbox 293 2593 422 2656; x_wconf 90' lang='lat' dir='ltr'><strong>contra</strong></span> <span class='ocrx_word' id='word_1_73' title='bbox 439 2587 492 2656; x_wconf 91' lang='lat' dir='ltr'><strong>sit</strong></span> <span class='ocrx_word' id='word_1_74' title='bbox 507 2588 715 2674; x_wconf 84' lang='lat' dir='ltr'><strong>occupatio.</strong></span> 
     </span>
    </p>
   </div>
   <div class='ocr_carea' id='block_1_8' title="bbox 808 2767 918 2815">
    <p class='ocr_par' dir='ltr' id='par_1_8' title="bbox 808 2767 918 2815">
     <span class='ocr_line' id='line_1_16' title="bbox 808 2767 918 2815; baseline 0 -1"><span class='ocrx_word' id='word_1_75' title='bbox 808 2767 918 2815; x_wconf 90' lang='lat' dir='ltr'>XXXI.</span> 
     </span>
    </p>
   </div>
   <div class='ocr_carea' id='block_1_9' title="bbox 291 2905 1440 3370">
    <p class='ocr_par' dir='ltr' id='par_1_9' title="bbox 291 2905 1440 3370">
     <span class='ocr_line' id='line_1_17' title="bbox 338 2905 1440 2992; baseline -0.005 -17"><span class='ocrx_word' id='word_1_76' title='bbox 338 2906 495 2975; x_wconf 91' lang='lat' dir='ltr'><strong>Privata</strong></span> <span class='ocrx_word' id='word_1_77' title='bbox 523 2927 645 2974; x_wconf 87' lang='lat' dir='ltr'><strong>rerum</strong></span> <span class='ocrx_word' id='word_1_78' title='bbox 671 2907 883 2992; x_wconf 85' lang='lat' dir='ltr'><strong>proprietas</strong></span> <span class='ocrx_word' id='word_1_79' title='bbox 914 2914 971 2974; x_wconf 88' lang='lat' dir='ltr'><strong>est</strong></span> <span class='ocrx_word' id='word_1_80' title='bbox 1002 2907 1194 2974; x_wconf 89' lang='lat' dir='ltr'><strong>societatis</strong></span> <span class='ocrx_word' id='word_1_81' title='bbox 1226 2905 1440 2992; x_wconf 86' lang='lat' dir='ltr'><strong>progressui</strong></span> 
     </span>
     <span class='ocr_line' id='line_1_18' title="bbox 293 3031 1439 3116; baseline -0.002 -17"><span class='ocrx_word' id='word_1_82' title='bbox 293 3033 456 3100; x_wconf 84' lang='lat' dir='ltr'><strong>maxime</strong></span> <span class='ocrx_word' id='word_1_83' title='bbox 467 3032 719 3116; x_wconf 82' lang='lat' dir='ltr'><strong>accomodata,</strong></span> <span class='ocrx_word' id='word_1_84' title='bbox 734 3053 818 3098; x_wconf 90' lang='lat' dir='ltr'><strong>cum</strong></span> <span class='ocrx_word' id='word_1_85' title='bbox 831 3032 1064 3100; x_wconf 87' lang='lat' dir='ltr'><strong>activitatem</strong></span> <span class='ocrx_word' id='word_1_86' title='bbox 1078 3037 1190 3099; x_wconf 89' lang='lat' dir='ltr'><strong>acuat</strong></span> <span class='ocrx_word' id='word_1_87' title='bbox 1202 3053 1246 3099; x_wconf 89' lang='lat' dir='ltr'><strong>ao</strong></span> <span class='ocrx_word' id='word_1_88' title='bbox 1257 3031 1439 3098; x_wconf 91' lang='lat' dir='ltr'><strong>bonorum</strong></span> 
     </span>
     <span class='ocr_line' id='line_1_19' title="bbox 291 3154 1439 3246; baseline -0.003 -22"><span class='ocrx_word' id='word_1_89' title='bbox 291 3159 575 3239; x_wconf 89' lang='lat' dir='ltr'><strong>productionem</strong></span> <span class='ocrx_word' id='word_1_90' title='bbox 603 3164 749 3246; x_wconf 86' lang='lat' dir='ltr'><strong>augeat,</strong></span> <span class='ocrx_word' id='word_1_91' title='bbox 780 3157 969 3236; x_wconf 87' lang='lat' dir='ltr'><strong>simulque</strong></span> <span class='ocrx_word' id='word_1_92' title='bbox 995 3156 1164 3243; x_wconf 86' lang='lat' dir='ltr'><strong>perficiat</strong></span> <span class='ocrx_word' id='word_1_93' title='bbox 1195 3176 1344 3224; x_wconf 87' lang='lat' dir='ltr'><strong>sensum</strong></span> <span class='ocrx_word' id='word_1_94' title='bbox 1371 3154 1439 3221; x_wconf 91' lang='lat' dir='ltr'><strong>hu-</strong></span> 
     </span>
     <span class='ocr_line' id='line_1_20' title="bbox 294 3282 1061 3370; baseline -0.001 -20"><span class='ocrx_word' id='word_1_95' title='bbox 294 3304 425 3351; x_wconf 89' lang='lat' dir='ltr'><strong>manae</strong></span> <span class='ocrx_word' id='word_1_96' title='bbox 441 3283 643 3370; x_wconf 84' lang='lat' dir='ltr'><strong>dignitatis</strong></span> <span class='ocrx_word' id='word_1_97' title='bbox 660 3290 698 3350; x_wconf 91' lang='lat' dir='ltr'><strong>et</strong></span> <span class='ocrx_word' id='word_1_98' title='bbox 714 3282 1061 3369; x_wconf 87' lang='lat' dir='ltr'><strong>responsibilitatis.</strong></span> 
     </span>
    </p>
   </div>
   <div class='ocr_carea' id='block_1_10' title="bbox 806 3496 934 3543">
    <p class='ocr_par' dir='ltr' id='par_1_10' title="bbox 806 3496 934 3543">
     <span class='ocr_line' id='line_1_21' title="bbox 806 3496 934 3543; baseline 0 0"><span class='ocrx_word' id='word_1_99' title='bbox 806 3496 934 3543; x_wconf 87' lang='lat' dir='ltr'>XXXII.</span> 
     </span>
    </p>
   </div>
   <div class='ocr_carea' id='block_1_11' title="bbox 291 3635 1446 4098">
    <p class='ocr_par' dir='ltr' id='par_1_11' title="bbox 291 3635 1446 4098">
     <span class='ocr_line' id='line_1_22' title="bbox 340 3635 1443 3724; baseline -0.002 -20"><span class='ocrx_word' id='word_1_100' title='bbox 340 3637 451 3705; x_wconf 83' lang='lat' dir='ltr'><strong>Falso</strong></span> <span class='ocrx_word' id='word_1_101' title='bbox 484 3659 505 3704; x_wconf 93' lang='lat' dir='ltr'><strong>a</strong></span> <span class='ocrx_word' id='word_1_102' title='bbox 537 3636 775 3723; x_wconf 88' lang='lat' dir='ltr'><strong>philosophis</strong></span> <span class='ocrx_word' id='word_1_103' title='bbox 812 3638 1040 3724; x_wconf 89' lang='lat' dir='ltr'><strong>quibusdam</strong></span> <span class='ocrx_word' id='word_1_104' title='bbox 1067 3635 1269 3704; x_wconf 83' lang='lat' dir='ltr'><strong>exhibetur</strong></span> <span class='ocrx_word' id='word_1_105' title='bbox 1293 3635 1443 3721; x_wconf 88' lang='lat' dir='ltr'><strong>privata</strong></span> 
     </span>
     <span class='ocr_line' id='line_1_23' title="bbox 291 3760 1443 3850; baseline -0.003 -20"><span class='ocrx_word' id='word_1_106' title='bbox 291 3763 502 3850; x_wconf 87' lang='lat' dir='ltr'><strong>proprietas</strong></span> <span class='ocrx_word' id='word_1_107' title='bbox 519 3767 562 3829; x_wconf 89' lang='lat' dir='ltr'><strong>ut</strong></span> <span class='ocrx_word' id='word_1_108' title='bbox 588 3763 723 3830; x_wconf 87' lang='lat' dir='ltr'><strong>ultima</strong></span> <span class='ocrx_word' id='word_1_109' title='bbox 740 3763 839 3831; x_wconf 90' lang='lat' dir='ltr'><strong>ratio</strong></span> <span class='ocrx_word' id='word_1_110' title='bbox 862 3763 1013 3831; x_wconf 90' lang='lat' dir='ltr'><strong>socialis</strong></span> <span class='ocrx_word' id='word_1_111' title='bbox 1037 3760 1325 3842; x_wconf 87' lang='lat' dir='ltr'><strong>inaequalitatis</strong></span> <span class='ocrx_word' id='word_1_112' title='bbox 1342 3760 1443 3827; x_wconf 90' lang='lat' dir='ltr'><strong>inter</strong></span> 
     </span>
     <span class='ocr_line' id='line_1_24' title="bbox 292 3887 1438 3976; baseline 0 -22"><span class='ocrx_word' id='word_1_113' title='bbox 292 3888 477 3970; x_wconf 86' lang='lat' dir='ltr'><strong>homines3</strong></span> <span class='ocrx_word' id='word_1_114' title='bbox 503 3909 584 3955; x_wconf 91' lang='lat' dir='ltr'><strong>cum</strong></span> <span class='ocrx_word' id='word_1_115' title='bbox 603 3897 770 3957; x_wconf 87' lang='lat' dir='ltr'><strong>econtra</strong></span> <span class='ocrx_word' id='word_1_116' title='bbox 788 3890 878 3957; x_wconf 86' lang='lat' dir='ltr'><strong>haec</strong></span> <span class='ocrx_word' id='word_1_117' title='bbox 898 3888 1152 3976; x_wconf 88' lang='lat' dir='ltr'><strong>inaequalitas</strong></span> <span class='ocrx_word' id='word_1_118' title='bbox 1177 3887 1359 3954; x_wconf 87' lang='lat' dir='ltr'><strong>debeatur</strong></span> <span class='ocrx_word' id='word_1_119' title='bbox 1374 3906 1438 3954; x_wconf 87' lang='lat' dir='ltr'><strong>na·</strong></span> 
     </span>
     <span class='ocr_line' id='line_1_25' title="bbox 292 4009 1446 4098; baseline -0.004 -17"><span class='ocrx_word' id='word_1_120' title='bbox 292 4012 408 4081; x_wconf 90' lang='lat' dir='ltr'><strong>turali</strong></span> <span class='ocrx_word' id='word_1_121' title='bbox 434 4012 700 4098; x_wconf 89' lang='lat' dir='ltr'><strong>inaequalitati</strong></span> <span class='ocrx_word' id='word_1_122' title='bbox 718 4014 943 4081; x_wconf 87' lang='lat' dir='ltr'><strong>facultatum</strong></span> <span class='ocrx_word' id='word_1_123' title='bbox 961 4013 1212 4098; x_wconf 89' lang='lat' dir='ltr'><strong>corporalium</strong></span> <span class='ocrx_word' id='word_1_124' title='bbox 1229 4016 1267 4079; x_wconf 89' lang='lat' dir='ltr'><strong>et</strong></span> <span class='ocrx_word' id='word_1_125' title='bbox 1283 4009 1446 4096; x_wconf 87' lang='lat' dir='ltr'><strong>spiritu·-</strong></span> 
     </span>
    </p>
   </div>
   <div class='ocr_carea' id='block_1_12' title="bbox 294 4139 940 4296">
    <p class='ocr_par' dir='ltr' id='par_1_12' title="bbox 294 4139 940 4296">
     <span class='ocr_line' id='line_1_26' title="bbox 294 4139 422 4206; baseline -0.016 0"><span class='ocrx_word' id='word_1_126' title='bbox 294 4139 422 4206; x_wconf 89' lang='lat' dir='ltr'><strong>alium.</strong></span> 
     </span>
     <span class='ocr_line' id='line_1_27' title="bbox 792 4248 940 4296; baseline -0.007 0"><span class='ocrx_word' id='word_1_127' title='bbox 792 4248 940 4296; x_wconf 84' lang='lat' dir='ltr'><strong>xxxrn.</strong></span> 
     </span>
    </p>
   </div>
   <div class='ocr_carea' id='block_1_13' title="bbox 293 4404 1442 4618">
    <p class='ocr_par' dir='ltr' id='par_1_13' title="bbox 293 4404 1442 4618">
     <span class='ocr_line' id='line_1_28' title="bbox 338 4404 1441 4493; baseline -0.001 -18"><span class='ocrx_word' id='word_1_128' title='bbox 338 4407 494 4475; x_wconf 81' lang='lat' dir='ltr'><strong>Factum</strong></span> <span class='ocrx_word' id='word_1_129' title='bbox 513 4406 614 4485; x_wconf 86' lang='lat' dir='ltr'><strong>quod</strong></span> <span class='ocrx_word' id='word_1_130' title='bbox 631 4407 857 4493; x_wconf 88' lang='lat' dir='ltr'><strong>quandoque</strong></span> <span class='ocrx_word' id='word_1_131' title='bbox 874 4412 1119 4492; x_wconf 86' lang='lat' dir='ltr'><strong>augmentum</strong></span> <span class='ocrx_word' id='word_1_132' title='bbox 1136 4404 1275 4489; x_wconf 78' lang='lat' dir='ltr'><strong>valoris</strong></span> <span class='ocrx_word' id='word_1_133' title='bbox 1297 4426 1441 4492; x_wconf 91' lang='lat' dir='ltr'><strong>posses·</strong></span> 
     </span>
     <span class='ocr_line' id='line_1_29' title="bbox 293 4530 1442 4618; baseline -0.002 -17"><span class='ocrx_word' id='word_1_134' title='bbox 293 4533 443 4601; x_wconf 87' lang='lat' dir='ltr'><strong>sionum</strong></span> <span class='ocrx_word' id='word_1_135' title='bbox 459 4531 639 4600; x_wconf 87' lang='lat' dir='ltr'><strong>debeatur</strong></span> <span class='ocrx_word' id='word_1_136' title='bbox 663 4531 960 4600; x_wconf 88' lang='lat' dir='ltr'><strong>circumstantiis</strong></span> <span class='ocrx_word' id='word_1_137' title='bbox 977 4531 1181 4599; x_wconf 90' lang='lat' dir='ltr'><strong>socialibus</strong></span> <span class='ocrx_word' id='word_1_138' title='bbox 1196 4530 1442 4618; x_wconf 87' lang='lat' dir='ltr'><strong>potiusquam</strong></span> 
     </span>
    </p>
   </div>
   <div class='ocr_carea' id='block_1_14' title="bbox 0 0 1570 5317">
    <p class='ocr_par' dir='ltr' id='par_1_14' title="bbox 0 0 1570 5317">
     <span class='ocr_line' id='line_1_30' title="bbox 0 0 1570 5317; baseline 0 0"><span class='ocrx_word' id='word_1_139' title='bbox 0 0 1570 5317; x_wconf 95' lang='lat' dir='ltr'><strong> </strong></span> 
     </span>
    </p>
   </div>
  </div>
 </body>
</html>
