3125 5317
837 710 881 774 14

822 900 885 955 XL.

322 1039 398 1105 The
424 1038 604 1107 seientifie
632 1038 820 1105 doctrines
837 1038 877 1104 of
901 1038 965 1105 the
982 1038 1119 1106 inertia
1137 1040 1177 1107 of
1199 1048 1337 1109 matter
1353 1042 1429 1108 and

276 1165 316 1231 oi
339 1165 404 1231 the
431 1164 658 1251 dissipatiou
676 1164 715 1230 oi
739 1184 876 1249 energy
894 1170 1031 1230 cannot
1047 1165 1092 1231 be
1108 1166 1317 1233 reconciled
1335 1166 1428 1235 with

275 1290 341 1357 the
358 1291 491 1375 theory
509 1291 548 1357 of
571 1290 637 1357 the
653 1290 817 1374 eternity
835 1290 874 1356 of
899 1289 1072 1375 physieal
1091 1299 1234 1359 nature.

814 1449 894 1503 xm.

322 1586 398 1653 The
424 1540 686 1654 astronomieai
714 1585 938 1672 hypothesis
967 1587 1006 1653 of
1029 1587 1138 1654 other
1166 1588 1301 1655 worlds
1334 1589 1428 1656 than

276 1734 363 1780 ours
381 1713 577 1781 inhabitet]
595 1713 645 1798 by
663 1712 825 1779 rational
852 1710 982 1797 beings
1008 1713 1238 1781 contradicts
1255 1735 1302 1782 no
1320 1715 1428 1782 truth

278 1839 318 1906 of
341 1839 513 1907 Catholic
530 1838 655 1905 belief.

804 1928 901 1982 xuu.

323 2067 391 2134 Est
419 2067 577 2135 societas
606 2066 740 2147 civilia,
772 2066 812 2131 iu
841 2066 969 2152 aliquo
1010 2067 1141 2133 saltem
1183 2068 1428 2153 perfeetionis

276 2194 407 2279 gradu,
428 2193 580 2261 omnino
604 2192 800 2271 naturalis,
818 2191 981 2259 humano
1007 2192 1134 2278 generi
1153 2194 1372 2278 necessaria,
1388 2202 1427 2261 et

279 2324 556 2405 consequenter,
578 2340 600 2385 a
617 2318 706 2400 De0‚
729 2324 879 2385 auctore
897 2327 1063 2399 naturae,
1085 2315 1215 2385 volita.

797 2476 911 2531 xuni.

323 2597 416 2665 Cum
435 2598 468 2663 S.
490 2595 1111 2676 Thoma,1Sua1·ez‚2Bellarminor
1133 2606 1170 2663 et
1196 2598 1307 2684 longa
1331 2600 1429 2667 serie

276 2724 555 2819 catholicorum
584 2723 789 2803 doctorum,
811 2720 1001 2807 rejicimus
1028 2722 1090 2808 J'us
1107 2722 1278 2789 divinum
1297 2744 1427 2811 regum

278 2852 389 2939 quale
402 2872 424 2917 a
435 2850 457 2917 J
462 2850 575 2917 aruba
593 2850 621 2915 Ι.
642 2856 679 2915 et
695 2818 871 2933 deineeps
884 2869 907 2914 a
920 2848 1042 2915 Gallis
1059 2850 1324 2946 asserebatur24
1343 2872 1427 2936 pro-

276 2997 487 3063 pugnamus
516 2982 640 3043 autem
669 2993 880 3057 supremam
906 2973 1168 3041 auctoritatem
1186 2975 1229 3048 in,
1250 2977 1429 3044 societate

278 3104 380 3171 civili
399 3101 579 3188 primario
607 3106 644 3167 et
661 3100 877 3166 immediate
895 3122 916 3165 a
944 3098 1023 3165 Deo
1048 3102 1206 3167 conferri
1225 3104 1428 3169 eommuni-

280 3229 364 3296 tati.

699 3354 705 3366 .
799 3315 907 3369 XLIV.
960 3346 964 3356 ·

325 3439 432 3507 Unde
450 3437 642 3505 societatis
669 3436 794 3502 eivilis
810 3435 979 3515 materia,
1001 3435 1121 3519 forma
1145 3436 1350 3522 regiminis,
1371 3460 1428 3506 or-

279 3586 400 3651 ganon
429 3563 678 3641 auctoritatis,
712 3562 844 3628 modus
860 3561 1144 3647 gubernationis
1162 3562 1259 3629 nihil
1286 3564 1427 3632 habent

278 3690 454 3773 absoluti,
476 3690 540 3765 sed
557 3690 603 3755 de
619 3690 701 3775 jure
725 3687 927 3753 mutabilia
944 3694 1032 3753 sunt
1049 3694 1086 3753 et
1102 3688 1149 3754 de
1166 3688 1266 3756 facto
1283 3691 1425 3775 passim

280 3817 446 3903 legitime
464 3822 669 3882 mutantur.
806 3903 847 3957 X!
866 3904 887 3952 V

325 4006 631 4093 Etiamsi'divini
660 4024 785 4089 cultus
812 4023 916 4089 varia
942 4044 1077 4116 genera
1101 4026 1228 4093 eodem
1255 4028 1337 4113 jure
1356 4050 1430 4097 non

279 4160 455 4238 suntque
473 4171 558 4217 vera
572 4149 714 4235 religia,
732 4157 856 4215 tamen
870 4169 990 4215 rerum
1009 4151 1244 4234 publicarum
1262 4155 1429 4224 modera-

508 4279 602 4286 .-—-—
625 4278 725 4284 ---.-
845 4279 888 4283 --
919 4279 985 4284 —.—.
1292 4286 1322 4291 —

317 4334 377 4383 ¹1-2.
393 4346 419 4396 q.
435 4345 476 4395 90.
491 4344 516 4380 a.
532 4344 558 4393 3:
577 4345 604 4393 q.
619 4342 659 4393 97.
675 4343 700 4379 a.
716 4342 739 4391 3.
755 4326 794 4378 ad
806 4342 831 4390 3:
850 4343 878 4392 q.
897 4342 950 4390 105.
965 4343 990 4380 a.
1009 4343 1030 4380 1.

315 4415 374 4466 'De
388 4412 485 4465 Laicis
497 4428 521 4464 c.
532 4414 558 4463 6:

316 4498 396 4563 ³Des.
413 4496 504 4559 Fidei,
519 4495 570 4547 iib.
582 4494 623 4557 iii,
638 4510 662 4547 c.
678 4509 702 4554 2;
723 4494 769 4545 De
782 4493 893 4556 legibus
904 4493 955 4545 lib.
971 4494 1013 4556 iii,
1029 4510 1052 4547 c.
1070 4510 1093 4546 2.
1108 4513 1132 4561 3.
1147 4511 1171 4561 4.

312 4583 415 4634 *Costa
432 4578 576 4640 Rossetti3
595 4580 696 4644 Syuop.
713 4575 788 4628 Phil.
802 4577 908 4628 ⁴iloral.
941 4580 970 4629 P.
985 4578 1026 4640 iv;
1046 4579 1099 4631 Th.
1117 4582 1172 4644 161,
1190 4583 1343 4638 Scholion.
