3125 5317
1710 641 1752 705 6

1681 839 1793 890 IV.

678 982 988 1052 Praeter
1033 982 1383 1067 ethicam,
1424 981 1621 1051 aliae
1669 986 1849 1050 sunt
1894 980 2254 1050 scientiae
2293 1001 2487 1069 quae
2525 980 2697 1049 ideo
2728 1000 2888 1048 mo·

583 1109 778 1178 rales
824 1107 981 1177 dici
1028 1107 1306 1177 debent
1351 1106 1534 1195 quia
1566 1106 1846 1175 liberae
1894 1106 2313 1176 activitatis
2360 1107 2732 1176 humanae
2770 1125 2887 1174 re-

580 1235 801 1323 gulas
832 1253 969 1321 pro
999 1234 1296 1321 objecto
1321 1232 1631 1316 habent;
1665 1232 1935 1302 harum
1961 1232 2409 1320 praecipuae
2434 1238 2615 1300 sunt
2645 1230 2888 1300 socio·

581 1360 809 1449 logia,
879 1358 1219 1447 politica,
1304 1357 1931 1447 iurisprudentia,
2017 1358 2430 1428 oeconomia
2458 1382 2476 1443 3
2557 1377 2888 1445 quarum

580 1486 779 1556 aliae
804 1486 899 1555 ab
924 1484 1101 1554 aliis
1125 1484 1478 1572 pendent,
1511 1477 1766 1554 omnes
1798 1488 2050 1553 autem
2075 1483 2368 1553 ethicae
2400 1492 2490 1553 ut
2518 1482 2895 1553 scientiae

579 1610 1268 1683 universalissimae
1299 1631 1387 1680 ac
1417 1629 1810 1698 supremae
1843 1609 2379 1680 subordinatae
2410 1615 2612 1679 sunt.

1680 1806 1757 1855 V.

678 1947 979 2033 “Deus,
1020 1966 1267 2015 rerum
1316 1945 1649 2016 omnium
1698 1945 2161 2034 principium
2193 1953 2272 2015 et
2302 1946 2496 2031 finis,
2538 1946 2889 2015 naturali

578 2073 953 2142 humanae
989 2070 1311 2142 rationis
1342 2071 1632 2140 lumine
1664 2093 1704 2141 e
1736 2072 1958 2141 rebus
1989 2071 2264 2141 creatis
2296 2077 2497 2141 certo
2528 2071 2890 2161 cognosci

578 2204 852 2287 potest.
864 2198 881 2232 ’
894 2199 911 2233 '
926 2199 955 2251 1

1674 2307 1784 2358 v1.

676 2449 886 2518 “Hic
925 2450 1129 2518 solus
1162 2468 1380 2517 verus
1412 2448 1642 2533 Deus,
1682 2447 2023 2518 bonitate
2062 2470 2200 2518 sua
2246 2454 2324 2518 et
2370 2447 2887 2536 omnipotenti

572 2576 876 2661 virtute,
983 2626 1487 2644 .....
1592 2581 1990 2663 utramque
2053 2574 2147 2643 de
2209 2574 2457 2645 nihilo
2529 2574 2890 2645 condidit

574 2706 992 2771 creaturam
1017 2701 1491 2788 spiritualem
1525 2710 1604 2771 et
1633 2701 2114 2789 corporalem,
2143 2701 2553 2789 angelicam
2580 2700 2889 2770 scilicet

572 2832 651 2896 et
692 2826 1173 2912 mundanam,
1220 2848 1308 2896 ac
1358 2826 1634 2895 deinde
1683 2827 2085 2896 humanam
2136 2825 2354 2914 quasi
2408 2846 2882 2896 communem

569 2973 667 3023 ex
700 2951 983 3040 spiritu
1017 2956 1095 3020 et
1124 2971 1430 3039 corpore
1468 2952 2088 3021 constitutam.''2

1645 3162 1789 3213 vn.

663 3302 1011 3372 Libertas
1060 3323 1105 3372 a
1154 3302 1621 3388 necessitate,
1678 3323 1871 3391 quae
1914 3309 2226 3373 vocatur
2277 3304 2505 3373 etiam
2556 3304 2881 3375 libertas
2925 3396 2936 3405 ·

568 3427 1125 3497 indifferentiae
1172 3428 1290 3495 vel
1340 3427 1667 3514 arbitrii,
1709 3435 1824 3497 est
1869 3428 2197 3498 facultas
2239 3429 2566 3517 eligendi
2617 3429 2729 3499 ita
2777 3440 2874 3499 ut

568 3574 797 3641 agens
829 3574 977 3621 non
1028 3553 1131 3622 sit
1162 3552 1569 3622 intrinsece
1618 3554 2198 3623 determinatum
2233 3555 2331 3622 ad
2364 3575 2596 3622 unum
2626 3578 2643 3623 ε
2705 3562 2753 3595 “
2774 3576 2872 3624 ex

569 3678 710 3749 hoc
742 3678 939 3746 enim
973 3677 1193 3747 liberi
1227 3678 1525 3746 arbitrii
1563 3678 1908 3765 dicimur,
1950 3681 2153 3767 quod
2184 3699 2581 3761 possumus
2630 3700 2869 3749 unum

570 3805 916 3889 recipere,
957 3805 1112 3874 alio
1144 3810 1510 3889 recusato,
1553 3805 1758 3885 quod
1789 3810 1905 3874 est
1935 3805 2334 3893 eligere.‘’3
2417 3806 2579 3875 Hac
2611 3812 2868 3876 autem

570 3933 940 4015 libertate,
970 3950 1163 4018 quae
1196 3930 1658 4017 operationis
1684 3931 1992 3999 moralis
2023 3937 2101 4000 et
2131 3931 2492 4001 salutaris
2526 3932 2871 4003 conditio

566 4065 682 4125 est
742 4056 1187 4142 essentialis,
1259 4055 1660 4141 hominem,
1730 4057 1958 4126 etiam
2026 4058 2107 4136 in
2173 4058 2546 4145 praesenti
2621 4065 2861 4146 statu,

570 4203 822 4249 revera
854 4180 1279 4269 praeditum
1315 4202 1476 4250 esse
1509 4202 2093 4270 propugnamus.

650 4377 662 4401 ²
690 4377 870 4429 [tunc.
898 4373 1034 4429 Vnt.
1064 4373 1273 4429 eom
1301 4374 1413 4428 Dei
1434 4374 1649 4439 mim,
1676 4388 1724 4429 c.
1756 4379 1804 4432 1.

646 4461 662 4485 ‘¹
686 4461 866 4513 [luun-
894 4457 1027 4513 Vafi.
1056 4457 1265 4513 Oonst.
1294 4457 1406 4511 Dee
1428 4458 1642 4526 meua,
1662 4473 1714 4513 ο.
1744 4461 1792 4514 1.

646 4541 1048 4609 *51*th
1072 4543 1121 4610 1,
1147 4555 1206 4610 q.
1234 4543 1319 4610 83,
1345 4555 1400 4597 a.
1426 4543 1477 4597 3.
