3125 5317
1005 506 1050 568 7

983 676 1082 729 XI.

0 801 338 862 incturae
403 796 583 862 illae
648 794 1394 877 subministrationis,
1460 815 1593 880 per
1655 814 1843 880 quas
1908 795 2231 861 Ecclesia

0 925 88 969 ¹us
121 903 419 972 Christi
454 906 679 991 juxta
707 906 775 970 S.
814 904 1136 971 Paulum
1174 925 1339 969 cum
1377 902 1680 971 Christo
1718 904 1978 969 unitur
2011 910 2235 989 atque

0 1013 208 1079 nristo
243 1013 481 1080 vitam
539 1013 796 1079 haurit
828 1020 904 1080 et
937 1012 1364 1079 interiorem
1424 1011 2018 1097 dispositionem,
2063 1021 2231 1077 suut

0 1121 254 1188 {steria
289 1142 332 1188 a
369 1122 673 1190 Christo
723 1121 1103 1202 instituta,
1147 1142 1298 1203 seu,
1345 1122 1422 1186 in
1473 1127 1838 1203 concreto,
1899 1120 2231 1187 instituti

0 1251 119 1314 pso
170 1230 535 1313 ministri,
576 1237 651 1297 et
686 1251 853 1296 cum
906 1230 1026 1296 his
1078 1229 1520 1296 ministeriis
1574 1250 1910 1296 connexa
1961 1230 2231 1297 charis-

0 1359 34 1404 a
66 1359 152 1404 ac
181 1347 655 1405 sacramenta
688 1347 764 1405 et
797 1337 1045 1405 media
1085 1337 1727 1404 sanctificationis,
1752 1341 1772 1379 ¹

977 1496 1107 1548 XII.

0 1616 591 1682 teramentaliter
654 1615 988 1682 Ecclesia
1051 1636 1198 1682 non
1264 1615 1505 1682 solum
1578 1617 2048 1703 significatur
2111 1625 2231 1685 stul

0 1723 147 1790 itur
206 1744 482 1809 corpus
539 1724 938 1809 mysticum
1001 1744 1232 1789 unum
1284 1724 1363 1790 in
1399 1745 1476 1791 se
1509 1732 1587 1792 et
1629 1726 1892 1794 intime
1943 1729 2235 1797 unitum

63 1832 374 1900 Christo
441 1833 688 1918 capite
751 1853 883 1918 per
950 1833 1297 1899 unionem
1362 1834 1957 1919 eucharisticam,
2018 1859 2239 1924 quam

0 1943 337 2008 nturalem
377 1941 912 2027 proprietatem
938 1942 1032 1981 ”²
1075 1941 1348 2026 capitis
1383 1963 1548 2007 cum
1585 1945 1955 2029 membriS,
2009 1957 2235 2013 “cmv

0 2051 432 2117 »orationem
490 2059 566 2116 et
622 2049 1461 2135 consanguinitatem”3
1523 2053 2014 2121 membrorum
2075 2080 2235 2123 cum

0 2159 85 2225 'tte
119 2159 392 2226 Patres
428 2160 838 2245 appellant.
1351 2156 1362 2167 “

969 2300 1131 2352 XIII.

12 2419 301 2506 Corpus
332 2425 410 2487 et
444 2410 754 2505 sanguis
787 2418 1093 2486 Domini
1129 2419 1391 2486 Nostri
1426 2420 1474 2487 J
1479 2442 1609 2487 esu
1656 2423 1940 2492 Christi
1975 2429 2053 2495 in
2090 2453 2239 2497 sm·-

0 2534 180 2595 ¹ento
217 2529 484 2595 altaris
524 2529 663 2594 sub
698 2528 1086 2613 speciebus
1126 2528 1345 2613 panis
1379 2536 1454 2595 et
1493 2530 1648 2596 vini
1687 2537 2047 2604 veraciter
2078 2561 2239 2605 cuu-

0 2643 150 2719 etur,
194 2637 946 2704 transsubstantiatis
999 2657 1189 2722 pane
1223 2638 1300 2702 in
1344 2658 1618 2724 corpus
1651 2649 1726 2708 et
1761 2644 1933 2712 vino
1970 2648 2045 2713 in
2082 2672 2239 2717 sun-

0 2767 167 2827 aem,
210 2752 589 2832 potestate
622 2745 963 2811 divina.”
984 2747 1009 2785 ⁴

970 2904 1124 2957 XIV.

0 3024 355 3091 acerdotii
391 3022 679 3092 Christi
713 3023 1192 3089 eminentiam
1230 3044 1407 3109 prae
1440 3030 1956 3100 sacerdotibus
1992 3037 2235 3120 legali,

19 3133 421 3220 insigniter
457 3134 525 3198 S.
571 3130 857 3198 Paulus
890 3131 1224 3198 declarat
1248 3135 1594 3202 evolvens
1621 3138 1745 3221 (ad
1777 3139 1998 3208 Hebr.
2039 3145 2207 3213 VII.
2239 3170 2247 3218 a

0 3243 287 3309 sterium
315 3240 720 3309 sacerdotii
749 3239 1480 3324 Melchisedechiani,
1516 3246 1716 3330 quod
1743 3254 1981 3315 totum
2012 3254 2155 3338 fig-u
2175 3281 2247 3321 ra

0 3349 196 3438 ypus
229 3357 395 3418 erat
427 3349 829 3417 sacerdotii
865 3349 1171 3417 Christi.

996 3525 1119 3579 XV.

0 3650 220 3717 ¹‚adem
256 3648 335 3713 in
373 3645 696 3732 epistola
746 3645 1178 3729 praesertim
1228 3651 1358 3731 (cc.
1404 3646 1753 3735 VIII-X)
1789 3652 1980 3720 hanc
2017 3661 2212 3725 velut
2235 3663 2247 3725 i

0 3759 119 3824 sim
155 3757 358 3823 idem
396 3754 809 3839 Apostolus
861 3753 1241 3820 illustrat:
1298 3754 1648 3823 Christus
1701 3763 2065 3846 sanguine
2119 3789 2251 3830 sam

0 3889 23 3934 J
53 3873 439 3950 morteque
472 3883 629 3945 sua,
661 3882 910 3929 verum
940 3863 1473 3949 propriumque
1499 3866 1782 3935 obtulit
1807 3874 2247 3941 sacrificium

0 3976 136 4041 inis
171 3976 399 4060 plane
433 3970 855 4052 eminentis,
899 3971 995 4037 ad
1031 3971 1232 4056 quod
1268 3973 1635 4041 sacrificia
1666 3976 1967 4047 Veteris
2004 3984 2243 4049 Τρεῑει»

0 4085 80 4150 1ti
136 4104 286 4150 non
345 4100 558 4147 secus
623 4100 699 4146 se
766 4079 1045 4145 habent
1108 4099 1332 4166 quam
1394 4083 1560 4167 typi
1622 4086 1718 4152 ad
1786 4091 2243 4177 antitypum,

0 4194 154 4259 brae
189 4192 285 4259 ad
323 4188 740 4256 veritatem.

1 4352 108 4416 ¹Gf.
139 4352 215 4403 St.
255 4347 496 4405 ThJH.
523 4364 568 4411 q.
599 4348 648 4406 8,
670 4364 722 4398 a.
748 4349 818 4409 6‚·
867 4364 912 4411 q.
944 4348 1026 4404 64,
1055 4350 1256 4398 a..2-6.

0 4436 75 4487 ²8.
105 4435 289 4485 nitar.
323 4433 388 4483 aa
420 4431 574 4482 Tria.
621 4431 781 4491 VIII,
807 4446 862 4482 n.
898 4432 1075 4482 13-17.
1312 4432 1321 4440 ·

0 4519 78 4571 ⁸8.
102 4518 291 4583 Cyn‘ll.
322 4515 535 4567 Hieron.
570 4515 816 4567 Cathech.
847 4513 888 4565 I
896 4515 959 4573 V,
985 4531 1037 4567 n.
1070 4517 1117 4567 3.

0 4602 178 4655 ‘Cana
210 4600 401 4653 Later.
430 4598 536 4651 IV.
