3125 5317
730 661 753 723 7
878 678 881 686 .

160 835 376 902 ulteriorem
417 838 598 907 admittit
627 830 917 925 perfectionem
951 840 1186 921 nominatim,
1220 861 1316 931 quae

168 962 268 1027 multi
290 962 513 1029 socialistae
530 963 643 1030 hodie
660 965 860 1048 somniant,
889 966 1035 1033 scilicet
1052 965 1194 1033 vinculi
1220 967 1317 1034 arbi·

169 1090 281 1154 traria
305 1089 593 1156 dissolubilibus
611 1096 649 1157 et
672 1090 843 1158 mulieris
867 1091 922 1158 sic
946 1091 1050 1159 dicta
1066 1091 1318 1175 emancipatio

169 1250 402 1317 progressum
429 1252 502 1299 non
538 1232 821 1316 constituerent,
858 1233 923 1300 sed
955 1233 1084 1319 potius
1109 1254 1318 1320 regressum

172 1356 218 1422 ad
233 1356 458 1424 barbariem.

696 1468 784 1516 vm.

216 1590 415 1658 Societatis
431 1591 557 1658 civilis
574 1592 796 1660 constitutio
817 1594 959 1679 jugiter
975 1592 1222 1678 perfectibilis
1238 1599 1318 1677 eet;

172 1719 252 1803 ejus
281 1724 408 1785 tamen
441 1718 601 1785 relativa
631 1718 824 1804 perfectio,
860 1725 1151 1805 quantacunque
1183 1700 1317 1805 suppo-

171 1849 293 1926 natur,
306 1863 381 1911 non
393 1845 573 1911 consistet
583 1844 622 1910 in
633 1844 832 1930 negatione
842 1844 1092 1929 auctoritatis,
1103 1850 1142 1912 et
1152 1845 1191 1911 in
1203 1845 1319 1912 aboli-

172 1969 274 2035 tione
298 1970 467 2055 an'usvis
491 1970 597 2055 legis,
633 1970 698 2036 sed
723 1970 851 2055 potius
883 1970 923 2035 in
962 1970 1074 2051 modo
1104 1977 1143 2038 et
1174 1971 1320 2038 ratione

173 2094 435 2162 auctoritatem
460 2096 681 2162 exercendi:
716 2095 863 2162 scilicet
895 2115 970 2181 quo
1001 2097 1122 2181 magis
1155 2096 1320 2163 membra

173 2219 364 2286 societatis
396 2219 444 2285 ad
470 2220 629 2287 idealem
658 2220 845 2289 humanae
870 2227 1029 2288 naturae
1053 2220 1319 2306 perfectionem

173 2345 360 2427 accedent,
389 2365 433 2411 eo
457 2345 578 2428 magis
602 2344 682 2430 ipse
709 2346 854 2429 modus,
876 2366 951 2432 quo
975 2366 1042 2431 per
1058 2346 1320 2414 auctoritatem

173 2472 345 2537 socialem
357 2477 482 2538 motus
495 2472 647 2537 moralis
659 2471 708 2537 iis
721 2470 1029 2555 communicatur,
1040 2471 1130 2539 huie
1143 2472 1322 2539 rationali

172 2595 354 2681 dignitati
371 2594 597 2663 conformari
619 2596 758 2681 poterit
774 2616 817 2662 ac
834 2596 996 2663 debebit.

714 2774 768 2821 lx.

217 2898 320 2965 Vera
331 2898 465 2984 religio
482 2898 594 2964 unica
607 2904 644 2963 et
660 2897 700 2963 in
712 2897 977 2964 essentialibus
989 2898 1320 2982 immutabilisest3

175 3025 215 3089 in
225 3045 268 3090 ea
280 3030 405 3089 eutem
416 3024 464 3089 ab
475 3022 639 3089 hominis
650 3022 964 3108 creationeusqne
975 3023 1024 3089 ad
1035 3022 1228 3091 Christum
1239 3044 1320 3109 pro-

175 3169 323 3233 gressus
349 3148 425 3215 fuit
451 3147 660 3232 object-ivus
687 3153 726 3215 et
754 3148 1007 3235 ontologicus,
1032 3148 1121 3217 inde
1149 3156 1321 3217 autema

175 3276 324 3344 Christo
350 3274 501 3342 nonnisi
519 3274 750 3361 san'ectivus
773 3282 812 3341 et
835 3274 979 3361 logicus
1004 3276 1157 3342 admitti
1182 3282 1317 3358 potest.

178 3402 243 3468 Est
258 3422 347 3487 ergo
362 3400 676 3469 Christianismus
701 3400 823 3467 torma
840 3400 1034 3485 religionis
1059 3400 1181 3485 prima
1204 3406 1242 3467 et
1266 3400 1319 3467 ul·

178 3530 280 3610 tima,
299 3528 426 3593 omnia
437 3526 621 3593 elementa
637 3546 744 3593 verae
760 3526 956 3611 religionis
971 3527 1009 3593 in
1021 3547 1060 3593 se
1071 3527 1317 3594 continentia.

732 3709 770 3754 X.

223 3833 328 3899 Since
345 3833 378 3898 it
394 3837 534 3897 cannot
549 3831 594 3896 be
612 3831 675 3897 the
692 3830 757 3896 the
773 3831 897 3917 object
909 3828 949 3897 of
972 3830 1146 3916 physical
1160 3830 1324 3898 scieuces

179 3969 215 4026 tc
230 3958 337 4025 seaoh
356 3958 441 4024 int-0
459 3956 524 4024 the
540 3957 621 4023 first
636 3956 760 4041 origin
778 3956 819 4022 of
843 3955 985 4040 thingS,
1007 3956 1071 4022 the
1088 3962 1268 4041 attempts
1285 3956 1325 4022 of

179 4106 271 4152 some
286 4082 484 4151 scientists
501 4088 539 4148 to
556 4081 658 4147 show
675 4102 697 4147 a
714 4080 959 4162 disharmony
985 4080 1148 4148 between
1175 4080 1324 4148 Scienoe

179 4213 246 4279 and
263 4212 436 4297 religion,
459 4208 510 4293 by
527 4207 712 4293 opposing
729 4207 792 4273 the
810 4206 979 4273 doctrine
1004 4205 1043 4273 of
1067 4206 1132 4273 the
1159 4207 1324 4293 eternity

176 4339 213 4407 of
230 4346 367 4408 matter
383 4344 427 4404 to
445 4334 512 4402 the
528 4334 665 4421 dogma
679 4332 719 4400 ef
743 4332 920 4416 creation,
942 4336 1043 4399 must
1059 4352 1172 4417 prove
1196 4331 1319 4399 futile.

717 4512 774 4560 x1.

199 4651 276 4725 The
301 4639 557 4717 mechanical
582 4637 844 4725 development
868 4635 907 4703 of
931 4643 1040 4720 stans,
1061 4635 1197 4703 double
1214 4640 1322 4718 stare,
