3125 5317
691 536 731 621 ii

634 745 778 801 xxxin.

168 874 380 945 Necessaria
409 887 479 948 est
507 881 722 948 hominibus
750 881 931 949 revelatio
964 886 1032 948 “ut
1056 902 1110 964 ea,
1128 881 1281 968 quaein

132 999 226 1067 rebus
242 1001 386 1070 divinis
404 1004 604 1074 humanae
615 1007 751 1074 rationi
765 1027 832 1092 per
847 1027 886 1073 se
898 1004 1080 1092 impervia
1090 1014 1278 1090 nonsart,

131 1126 363 1211 inpraesenti
383 1151 546 1218 quoque
562 1133 705 1218 generis
734 1133 889 1200 humani
908 1132 1125 1199 conditione
1142 1134 1189 1199 ab
1206 1153 1280 1198 om·

130 1251 231 1318 nibus
257 1255 454 1338 expedite,
476 1257 584 1325 iirma
610 1256 838 1324 certitudine
863 1264 901 1324 et
917 1257 1022 1323 nullo
1039 1257 1211 1324 admixto
1227 1277 1281 1323 er-

130 1397 203 1444 rore
219 1382 393 1465 cognosci
414 1383 624 1467 possint.”¹

632 1559 771 1614 xxxiv,

176 1692 373 1762 “Ecclesia
389 1716 457 1781 per
474 1717 512 1762 se
524 1697 618 1781 ipsa,
639 1697 686 1762 ob
703 1716 808 1762 suam
821 1695 1083 1764 admirabilem
1100 1715 1282 1782 propaga-

130 1819 279 1902 tionem,
301 1841 480 1909 magnum
510 1822 698 1909 quoddam
716 1831 753 1889 et
781 1830 1003 1908 perpetuum
1021 1828 1078 1889 est
1100 1822 1283 1889 motivum

131 1945 399 2014 credibilitatis
415 1955 454 2016 et
469 1947 622 2015 divinae
640 1968 728 2016 suae
744 1947 946 2033 legationis
959 1947 1218 2015 testimonium
1236 1948 1282 2014 ir·

131 2071 410 2158 refragibile.’'2

643 2164 765 2220 XXXV.

175 2316 344 2385 Ecclesia
380 2319 523 2386 Christi
555 2339 622 2404 per
654 2317 910 2385 assistentiam
943 2317 1111 2384 divinam
1146 2316 1218 2403 ipsi
1261 2337 1284 2384 a

129 2441 280 2510 Christo
296 2444 531 2529 promissam,
551 2443 591 2510 in
609 2444 681 2512 tide
698 2442 951 2510 immutabilis
967 2449 1082 2529 atque
1098 2441 1280 2529 inexpug-

130 2569 281 2638 nabilis.
302 2569 463 2656 ideoque
479 2569 698 2636 infallibilis
715 2576 784 2636 est.

631 2763 772 2818 XXXVI.

176 2898 348 2965 Statuere
365 2919 462 2985 quae
479 2899 558 2966 sint
584 2898 778 2965 doctrinae
806 2897 994 2965 divinitus
1011 2899 1196 2965 revelatae
1213 2897 1279 2965 Ec-

132 3025 265 3091 clesiae
281 3025 452 3092 docentis
464 3031 533 3108 est,
553 3026 613 3091 cui
628 3025 838 3092 custodiam
852 3025 1278 3111 interpretationemque

131 3151 231 3219 Deus
247 3152 482 3238 eloquiorum
501 3173 650 3220 suorum
669 3151 891 3220 commisit.i

623 3343 781 3398 xxxvii.

178 3481 379 3548 “Summus
396 3489 454 3548 est
470 3481 648 3567 magister
672 3479 713 3546 iu
730 3479 898 3546 Ecclesia
927 3480 1122 3548 Romanus
1148 3479 1277 3548 Ponti·

132 3607 203 3674 fex.
233 3608 441 3677 Concordia
459 3607 578 3692 igitur
588 3607 811 3685 animarum,
827 3606 927 3673 sicut
937 3605 1142 3693 perfectum
1156 3607 1195 3673 in
1207 3627 1282 3674 una

131 3734 200 3800 lide
227 3753 447 3801 consensum
466 3732 635 3819 requirit,
656 3732 713 3800 ita
738 3732 952 3799 voluntates
969 3733 1139 3817 postulat
1157 3731 1279 3800 Eccle-

132 3858 206 3925 siae
225 3859 469 3942 Romanoque
487 3857 679 3924 Pontificii
697 3856 861 3942 perfecte
878 3857 1069 3942 subjectas
1085 3863 1200 3944 atque
1217 3858 1278 3925 ob·

131 3993 378 4071 temperantes
400 3991 442 4051 ut.
460 3984 567 4050 Deo.'
586 3985 593 4014 ’

133 4131 389 4138 ——.-.h-
420 4133 437 4137 .-
473 4132 489 4136 -
524 4131 570 4136 -.
615 4127 1277 4137 *ww-.-

164 4197 274 4248 'Const
290 4195 372 4247 “Dei
385 4194 502 4246 Filius'’
521 4209 585 4260 cap.
600 4209 622 4246 2.

163 4282 260 4332 'Coae
276 4280 384 4341 Vatia,
398 4278 439 4329 ib.
454 4293 479 4330 c.
496 4277 587 4330 lllde
598 4277 665 4331 ilde.

162 4365 232 4417 'Leo
245 4365 340 4424 XIII..
356 4363 473 4430 encycl.
491 4361 652 4428 Sapientiae
668 4360 860 4414 Christianae.

164 4449 235 4502 ‘Leo
246 4449 342 4510 Xlll.,
356 4461 422 4498 eac.
440 4444 606 4511 Sapientiae
620 4444 812 4498 Christianae.
