3125 5317
863 528 907 592 14

307 706 347 773 in
373 707 470 775 bono
486 728 534 774 ex
562 728 604 773 eo
631 730 779 794 quoqne
806 710 1006 794 repetenda
1022 720 1089 791 est,
1111 709 1211 795 quod
1230 706 1458 775 Beatissimo

307 833 426 919 Virgo
452 855 474 900 a
490 832 611 919 primo
639 835 894 919 conceptionis
912 856 1000 901 snae
1026 835 1185 903 instanti
1202 836 1250 901 ab
1278 833 1379 902 omni
1397 832 1458 897 vel

308 958 498 1025 levissimo
515 960 839 1045 concupiscentiae
852 966 956 1026 motu
974 960 1091 1027 libera
1109 960 1252 1027 extitit.

835 1157 972 1203 XXXIX.

355 1278 467 1344 Falso
487 1282 610 1345 tamen
628 1300 676 1345 ex
692 1278 763 1345 hac
780 1280 966 1365 Deiparae
996 1278 1312 1366 impeccabilitate
1335 1285 1373 1345 et
1396 1297 1459 1363 ge·

309 1402 467 1469 neratim
485 1405 631 1491 exejus
648 1405 694 1470 ab
711 1405 811 1471 omni
830 1406 982 1472 omnino
1007 1406 1149 1492 peccati
1179 1405 1262 1471 labe
1283 1403 1457 1469 immuni-

309 1534 387 1595 tate
404 1537 442 1594 et
458 1528 622 1612 perfecta
638 1530 801 1616 justitia,
819 1531 979 1597 Arnaldi
992 1531 1157 1611 deducit,
1173 1551 1252 1597 eam
1271 1530 1365 1597 mori
1383 1548 1459 1595 non

309 1655 477 1739 potuisse
504 1655 662 1741 ideoque
678 1676 751 1722 non
777 1664 961 1724 mortuam
986 1658 1259 1740 resurrexisse,
1280 1656 1344 1723 sed
1366 1663 1459 1722 “as-

310 1780 524 1864 sumptione
540 1780 786 1859 immortali,'’
808 1783 933 1865 nteit,
954 1782 1073 1849 fuisse
1090 1783 1279 1849 donatam.
1295 1784 1309 1832 1

851 1996 912 2043 XL.

357 2116 582 2185 Veneranda
612 2118 689 2185 diei
721 2118 1005 2204 Assumptionis
1036 2118 1225 2186 festivitas
1257 2139 1305 2186 ex
1336 2124 1461 2185 mente

312 2241 499 2309 Ecclesiae
516 2249 594 2308 tum
612 2244 808 2311 orientalis
825 2252 904 2310 tum
922 2244 1177 2325 occidentalis,
1199 2244 1238 2309 in
1256 2266 1299 2311 eo
1315 2264 1461 2329 semper

310 2366 436 2452 posita
452 2367 539 2450 fuit,
560 2375 603 2434 ut
619 2369 745 2435 cultus
769 2370 955 2454 objectum
973 2377 1071 2437 esset
1092 2369 1257 2437 “Sancta
1273 2369 1344 2436 Dei
1362 2368 1459 2437 Geu-

312 2491 417 2574 itrix,
443 2513 539 2578 quae
567 2501 722 2561 mortem
739 2493 890 2580 quidem
921 2495 1040 2561 subiit
1058 2496 1300 2580 temporalem
1318 2514 1384 2562 nec
1403 2500 1458 2561 ta-

311 2638 394 2685 men
412 2619 572 2686 nexibus
591 2620 720 2687 mortis
737 2620 898 2705 deprimi
916 2620 1114 2706 potuit.”2

844 2798 922 2847 XLI.

357 2938 481 3006 Talem
493 2940 648 3007 exhibet
664 2940 927 3008 Beatissimam
946 2942 1148 3027 Deiparam
1162 2942 1359 3011 Catholiea
1375 2942 1461 3009 doc-

313 3063 424 3146 trina,
462 3070 541 3131 tum
576 3066 851 3150 scripturarum
883 3074 961 3133 tum
988 3068 1208 3135 traditionis
1233 3067 1463 3134 testimoniis

312 3190 455 3273 innixa,
493 3197 535 3258 ut
561 3192 704 3259 Mariae
729 3214 796 3278 per
824 3192 1141 3279 incorruptionem
1170 3194 1293 3260 carnis
1325 3200 1362 3260 et
1396 3214 1464 3279 per

312 3318 630 3401 resurrectionem,
646 3319 888 3404 plenissimus
899 3320 945 3387 de
958 3328 1128 3406 serpente
1147 3320 1363 3402 triumphus
1379 3326 1462 3386 tum

312 3441 498 3527 implicite
525 3452 602 3511 tum
633 3446 813 3531 explicite
842 3446 881 3512 in
908 3447 1188 3532 praedicatione
1207 3446 1465 3513 ecclesiastica

314 3569 562 3636 contineatur.

838 3683 934 3731 xnn.

359 3818 436 3885 'l'lre
452 3819 603 3888 Ohnrch
620 3821 731 3888 holds
745 3822 830 3888 that
847 3822 982 3889 Saered
996 3823 1186 3909 Scriptura
1199 3823 1231 3889 is
1241 3823 1370 3890 divine
1387 3823 1464 3889 and

313 3945 506 4012 canonical
524 3952 591 4013 not
613 3947 771 4014 because
798 3948 830 4014 it
846 3969 920 4015 was
937 3948 1087 4015 written
1104 3968 1146 4015 err
1161 3968 1263 4015 meru
1292 3948 1464 4017 bumana

313 4072 519 4154 indilatae,
540 4072 614 4138 and
641 4072 730 4138 then
747 4074 937 4157 approved
963 4066 1016 4159 by
1034 4074 1099 4141 the
1116 4074 1266 4143 Chnrcb
1284 4098 1292 4157 ;
1318 4095 1386 4143 nor
1402 4076 1462 4143 be·

350 4250 661 4303 'Orattorleodemr'ea
680 4250 774 4315 Super
795 4250 1009 4316 Deflaibc'lt'tute
1020 4253 1236 4319 Assumptiom'a
1258 4253 1418 4320 Οοφονωὲ
1429 4255 1463 4308 Β.

315 4334 351 4387 V.
367 4336 440 4387 1884.

351 4438 360 4461 ¹
371 4432 400 4487 S.
412 4433 502 4500 Greg.
516 4432 558 4485 Μ.
568 4433 849 4487 Sommcntan'um.
