3125 5317
884 555 905 622 S

296 746 418 811 sensu,
440 729 487 796 de
510 730 720 798 intensione
752 734 861 800 etde
892 733 1111 800 extensione
1137 753 1225 800 suae
1250 733 1423 818 propriae
1440 731 1497 797 in-

297 835 558 922 fallibilitatis,
579 860 655 924 seu,
676 842 777 927 qnod
795 841 892 908 idem
911 849 978 926 est,
999 842 1195 928 injudicio
1212 839 1498 908 deconditioui-

298 944 368 1010 bus
393 947 501 1014 etde
525 947 743 1035 objecto‚in
768 951 907 1036 quibus
940 951 1012 1018 sibi
1036 971 1084 1017 ex
1116 950 1299 1033 promissa
1331 948 1500 1034 Spiritus

299 1051 427 1120 Sancti
445 1055 664 1124 assistentia
680 1064 869 1143 competat
885 1059 1155 1126 infallibilitas

851 1217 945 1270 XXII.

349 1315 447 1381 “Ad
464 1315 673 1384 doctrinam
700 1318 789 1386 fidei
815 1319 980 1404 pertinet
1005 1318 1151 1405 aliquid
1169 1318 1395 1404 dupliciter3
1420 1335 1499 1382 uno

300 1422 412 1488 modo
429 1423 572 1493 directe
589 1426 689 1493 sicut
716 1427 870 1494 articuli
887 1428 975 1495 fidei
993 1427 1057 1514 qui
1075 1448 1141 1513 per
1166 1447 1204 1494 se
1221 1424 1397 1494 credendi
1413 1444 1499 1510 pro-

300 1539 503 1616 ponuntur,
524 1536 708 1620 quaedam
735 1556 820 1603 vero
846 1536 1028 1604 indirecte
1054 1537 1093 1602 in
1119 1542 1304 1622 quantum
1322 1555 1369 1601 ex
1386 1553 1499 1619 nega·⁴

292 1617 400 1706 'tione
415 1661 541 1708 eorum
559 1643 730 1730 sequitur
746 1644 892 1731 aliquid
911 1650 1138 1712 contrarium
1156 1644 1285 1711 fidei.’'

365 1748 393 1799 S.
413 1747 506 1825 Titum
521 1749 591 1802 Lect.
606 1754 664 1801 tiu
682 1751 699 1802 Ι
712 1752 773 1805 (lor.
788 1753 811 1804 2.

838 1886 948 1941 XXIII.

346 1984 369 2050 J
372 1984 540 2053 udicium
558 1986 745 2055 Ecclesiae
771 1989 818 2055 dc
834 1989 936 2056 facto
952 1988 1206 2074 legitimitatis
1223 1988 1386 2073 alicujus
1402 1985 1499 2054 (lon-

301 2091 383 2157 cilii
401 2092 596 2162 Generalis
613 2097 670 2163 vel
699 2097 859 2163 Romani
877 2097 1072 2165 Pontificis
1097 2117 1171 2164 non
1187 2096 1397 2163 naturalem
1414 2098 1499 2160 tan-

300 2205 381 2267 tum
406 2209 443 2269 et
475 2204 663 2287 moralem,
686 2206 751 2271 sed
776 2206 1099 2290 supernaturalem
1124 2205 1386 2272 certitudinem
1412 2221 1499 2268 cum

299 2308 452 2395 gignere
469 2312 613 2396 debeat,
635 2313 749 2380 errori
767 2333 841 2380 non
866 2320 991 2399 potest
1006 2335 1086 2381 esse
1102 2313 1316 2382 obnoxium.

841 2491 952 2559 xxru.

350 2595 543 2665 “Omnino
559 2598 760 2666 dicendum
778 2605 835 2666 est
852 2620 925 2666 non
947 2620 1055 2686 posse
1081 2620 1203 2667 errare
1229 2598 1433 2666 Ecclesiam
1460 2597 1500 2663 iu

300 2705 570 2790 approbatione
587 2707 781 2794 religionis
797 2709 923 2793 quoad
938 2708 1123 2794 judicium
1137 2709 1184 2775 de
1197 2708 1392 2775 honestate
1408 2705 1501 2773 talis

299 2813 402 2880 modi
428 2815 579 2882 vivendi
605 2824 648 2882 ut
664 2817 716 2882 sit
743 2822 866 2883 status
891 2811 1133 2901 perfectionis
1159 2816 1408 2902 acquirendae
1432 2835 1500 2882 seu

300 2923 506 3010 religionis,
528 2925 717 3011 quidquid
743 2925 794 2991 sit
811 2925 857 2991 de
883 2926 1153 3011 approbatione
1181 2926 1347 3011 practica
1372 2925 1500 3011 quoad

300 3031 493 3099 licentiam
510 3039 548 3100 et
564 3033 785 3100 facultatem
803 3034 1068 3101 introducendi
1086 3034 1132 3102 de
1148 3056 1243 3102 novo
1260 3033 1425 3118 aliquam
1446 3053 1499 3100 re-

298 3140 474 3226 ligionem
491 3148 529 3210 et
545 3143 670 3229 quoad
695 3142 880 3230 judicium
906 3144 1145 3228 prudentiale
1161 3145 1201 3209 in
1217 3164 1292 3229 quo
1309 3142 1398 3210 talis
1414 3163 1499 3210 con·

297 3250 414 3318 cessio
430 3251 656 3318 fundatur.’'

365 3359 476 3422 Saurea,
490 3359 531 3412 De
542 3360 624 3412 Statu
634 3359 691 3412 Rcl.
706 3360 748 3422 ΙΙ,
764 3361 803 3413 17.

850 3515 944 3563 XXV.

281 3661 285 3668 ·
344 3621 556 3688 Tenendum
575 3629 632 3690 est
648 3622 852 3690 Ecclesiam
868 3623 906 3688 in
921 3623 1074 3690 solemni
1089 3643 1131 3690 ac
1145 3623 1338 3690 definitivo
1353 3623 1499 3710 judicio

300 3731 346 3797 de
364 3730 644 3798 canonizatione
661 3731 824 3819 alicujus
843 3731 970 3799 Sancti
988 3733 1127 3818 pollere
1144 3731 1434 3800 infallibilitate.

844 3893 951 3947 XXVI.

346 4009 546 4095 Perperam
558 4012 757 4079 affirmavit
767 4011 962 4080 Guenther
978 4011 1057 4078 fieri
1075 4032 1182 4097 posse
1199 4018 1242 4077 ut
1258 4011 1498 4097 dogmatibus

303 4120 349 4186 ab
366 4119 534 4186 Ecclesia
560 4120 764 4206 propositis
790 4121 997 4207 aliquando
1026 4120 1226 4187 secundum
1261 4139 1495 4205 progressum

300 4227 480 4296 scientiae
497 4235 627 4295 sensus
643 4230 866 4324 tribuendus
884 4229 934 4295 sit
951 4229 1049 4296 alius
1066 4229 1113 4295 ab
1130 4250 1172 4296 eo
1189 4249 1297 4314 quem
1315 4228 1499 4314 intelligit

300 4343 338 4402 et
354 4336 547 4404 intellexit
562 4337 739 4405 Ecclesia.

367 4445 410 4510 Os.
429 4445 508 4498 Ocno.
532 4445 589 4497 Vct.
607 4445 695 4499 Oorut.
710 4446 735 4506 I,
752 4447 817 4512 Oop.
832 4447 857 4508 I,
872 4463 892 4498 c.
908 4449 931 4499 3.
