3125 5317
680 612 700 675 9

117 787 248 856 mundo
263 787 313 856 de
329 787 544 858 Pennafort
561 790 798 878 compilatus,
820 813 842 859 a
859 790 1039 879 Gregorio
1057 790 1113 859 IX
1131 810 1263 877 appro-

119 916 222 983 batus
236 923 305 1002 est,
325 936 425 985 anno
442 920 546 985 1224.

650 1080 732 1129 xlx.

162 1221 290 1289 Fidem
330 1244 428 1309 quae
460 1222 650 1293 hnmanae
681 1223 818 1293 salutis
850 1224 1005 1292 initium
1037 1230 1104 1307 est,
1141 1224 1263 1291 Eccle-

127 1348 175 1415 sia
195 1346 394 1417 catholica
418 1349 555 1418 merito
579 1350 778 1436 profitetur
801 1371 881 1419 esse
910 1351 1118 1419 “virtutem
1138 1370 1263 1435 super·

128 1474 324 1542 naturalem
349 1496 437 1562 qua,
457 1475 530 1543 Dei
555 1475 748 1562 aspirante
772 1480 810 1544 et
831 1476 1037 1563 adjuvante
1061 1476 1195 1563 gratia,
1217 1476 1264 1542 ab

128 1620 165 1667 eo
178 1600 337 1668 revelata
353 1620 441 1669 vera
451 1621 532 1669 esse
548 1600 745 1686 credimus,
760 1622 835 1669 non
852 1608 1005 1688 propter
1021 1601 1262 1669 intrinsecam

128 1746 239 1793 rernm
255 1727 451 1795 veritatem
468 1727 637 1795 naturali
660 1726 805 1795 lumine
830 1727 990 1795 rationis
1014 1734 1260 1813 perspectam,

128 1851 187 1919 sed
201 1858 350 1938 propter
366 1852 632 1921 auctoritatem
649 1851 772 1938 ipsius
789 1853 861 1921 Dei
877 1853 1090 1937 revelantia,
1112 1853 1179 1940 qni
1196 1873 1263 1919 nec

128 1976 205 2045 talli
220 1996 284 2045 nec
299 1976 431 2045 tallere
443 1979 632 2064 potest.’'1

651 2178 717 2224 XX.

169 2318 301 2386 Verum
318 2338 340 2386 a
356 2317 435 2385 Deo
452 2318 794 2403 supernaturaliter
818 2324 856 2387 et
879 2318 1030 2406 proprie
1057 2320 1260 2386 revelatum

124 2450 180 2511 est
191 2443 374 2531 objectum
389 2444 491 2531 quod
508 2444 582 2511 fide
599 2444 731 2512 divina
747 2444 927 2513 creditur.

643 2674 727 2724 XXI.

169 2817 387 2897 “Quantum
406 2818 455 2885 ad
471 2816 725 2885 substantiam
743 2816 990 2884 articulorum
1009 2816 1095 2884 fidei
1113 2836 1187 2883 non
1205 2824 1262 2883 est

123 2942 256 3011 iactum
271 2963 395 3011 eornm
409 2948 654 3031 augmentum
671 2962 738 3029 per
753 2948 962 3029 temporum
977 2942 1260 3025 successionem;

121 3068 180 3137 scd
205 3076 385 3155 qnantum
411 3069 460 3137 ad
485 3068 777 3157 explicationem
796 3069 914 3137 crevit
929 3088 1107 3136 numerus
1123 3067 1260 3136 articu-

121 3194 298 3262 lcmm.''²

630 3322 734 3370 xxrr.

161 3461 396 3531 Haereticam
414 3468 473 3532 est
488 3483 650 3531 asserere
671 3470 898 3531 “assensum
923 3463 1011 3531 fidei
1032 3452 1261 3532 christianae

122 3607 190 3655 non
214 3609 291 3657 esse
322 3589 496 3674 liberum,
528 3590 593 3658 sed
621 3590 853 3678 argumentis
882 3590 1068 3658 humanae
1101 3592 1261 3659 rationis

122 3715 318 3783 necessario
333 3714 558 3802 produci.’'³

625 3896 743 3945 xxm.

160 4037 297 4106 Contra
312 4037 461 4125 eosqui
482 4038 664 4125 “privato
687 4038 833 4126 judicio
860 4038 959 4123 freti,
980 4040 1122 4107 divinis
1145 4041 1260 4107 tradi-

122 4160 281 4231 tionibus
295 4169 335 4232 et
350 4163 568 4249 magisterio
585 4163 773 4231 Ecclesiae
790 4164 1012 4250 repudiatis,
1029 4166 1260 4252 Scripturam

154 4355 260 4411 oona
270 4356 341 4412 va
356 4311 533 4410 &aba
540 4312 757 4425 reatem

151 4439 583 4507 ’R'l'nomaaquffit

151 4522 340 4579 ‘omer-t
353 4522 413 4577 Dei
423 4522 530 4591 Filius,
542 4538 609 4590 cap.
623 4524 678 4589 111,
691 4538 758 4580 ean.
770 4524 807 4579 V.
