3125 5317
876 560 897 652 ὃ

865 798 903 848 V.

328 1006 333 1019 ,
353 941 411 1008 Ex
435 940 535 1009 facto
552 962 575 1008 a
592 940 764 1027 Biulogia
790 946 827 1008 ct
844 940 1024 1027 Geologia
1048 941 1314 1021 demonstrato,
1336 936 1451 1004 vitam

245 1108 247 1115 <
310 1068 524 1155 organicam
549 1066 589 1133 in
614 1066 748 1134 tellure
772 1065 925 1132 initium
951 1066 1138 1148 habuisse,
1167 1064 1329 1131 infertur
1357 1063 1455 1129 exis-

309 1194 431 1261 tentia
460 1193 630 1279 Supremi
658 1192 837 1259 Numinis
860 1193 929 1259 sub
962 1198 1141 1277 conceptu
1167 1190 1331 1257 auctoris
1355 1208 1456 1274 orga-

311 1320 527 1387 nismorum.

851 1430 906 1479 v1.

356 1572 415 1638 Ex
436 1572 610 1640 doctrina
626 1572 1012 1657 Thermodynamices‚
1034 1591 1130 1657 quae
1146 1570 1255 1636 docet
1271 1566 1457 1652 energiam

310 1690 441 1763 utilem
469 1696 653 1781 Universi,
683 1696 759 1764 sive
785 1696 979 1763 cineticam
1006 1695 1084 1761 sive
1108 1693 1364 1780 potentialem,
1391 1692 1457 1758 ali-

312 1821 463 1909 quando
483 1821 708 1890 exhaustum
727 1822 787 1905 iri,
809 1842 851 1889 ac
867 1822 1026 1908 proinde
1049 1840 1243 1907 processus
1268 1819 1459 1885 naturales

310 1948 583 2017 inevitabiliter
614 1949 765 2015 tendere
808 1945 935 2014 versus
975 1947 1219 2035 equilibrium
1251 1944 1459 2011 universale

310 2076 475 2141 omnium
488 2075 624 2140 virium
635 2074 889 2160 physicarum,
906 2074 1109 2140 existentia
1121 2071 1190 2139 Dei
1199 2072 1268 2138 sub
1279 2075 1459 2155 conceptu

310 2198 488 2266 Auctoris
512 2199 627 2285 hujus
644 2199 809 2266 universi
827 2198 957 2267 inferri
975 2205 1111 2284 potest.

848 2411 920 2459 VII.

356 2572 498 2652 Quodsi
515 2571 731 2651 Astronomi
765 2570 933 2638 moderni
959 2570 1149 2636 similibus
1173 2590 1220 2637 cx
1245 2566 1459 2634 rationibus

312 2694 546 2763 demonstare
560 2702 759 2763 autumant
775 2696 945 2765 futurum
963 2715 1042 2761 esse
1058 2701 1102 2761 ut
1115 2702 1279 2779 systema
1292 2698 1461 2758 nostrum

314 2823 434 2890 solare
465 2828 605 2908 puncto
637 2823 817 2908 temporis
843 2843 916 2889 non
951 2822 1099 2888 infinite
1127 2819 1264 2887 abhinc
1296 2818 1463 2886 distante

315 2954 474 3037 corruat,
496 2948 535 3014 id
561 2968 689 3014 rursus
713 2968 851 3016 novum
868 2947 1089 3034 suppeditat
1114 2950 1374 3032 argumentum
1398 2964 1461 3010 cx-

314 3074 425 3141 istere
449 3074 581 3142 debere
605 3081 764 3142 mentem
783 3074 1125 3160 supramundanam
1145 3092 1240 3157 quae
1265 3070 1462 3155 systemati

313 3206 441 3267 nostro
458 3206 597 3267 statum
615 3200 800 3267 initialem
819 3199 976 3282 dederit,
1003 3220 1024 3266 a
1049 3219 1122 3285 quo
1140 3196 1303 3282 incipiat
1318 3203 1356 3262 et
1372 3216 1464 3281 pau-

315 3326 422 3393 latim
440 3326 642 3393 evolvendo
658 3326 810 3393 tandem
828 3332 1005 3393 senescat.

781 3528 785 3536 ”
840 3537 928 3585 VIII.

361 3694 419 3761 Ex
444 3695 660 3763 admirabili
677 3694 807 3762 ordine
824 3702 862 3761 et
879 3693 1164 3780 pulchritudine
1189 3692 1304 3778 hujus
1329 3691 1462 3758 mundi

316 3820 583 3907 adspectabilis
608 3828 707 3887 certo
723 3821 905 3906 probatur
924 3819 1128 3887 existentia
1152 3818 1291 3885 mentis
1315 3818 1462 3884 ordina-

315 3948 421 4014 tricis
453 3968 549 4034 quae
581 3948 632 4015 sit
660 3968 804 4015 summa
831 3946 1020 4033 sapientia
1048 3965 1268 4031 summaque
1294 3946 1464 4031 potentia

315 4072 497 4159 praedita.

860 4183 913 4231 IX.
988 4142 991 4145 ἢ

360 4341 419 4408 Ex
435 4341 620 4409 finalitate
636 4341 836 4408 intrinsica
853 4346 974 4408 rerum
999 4338 1218 4421 visibilium,
1239 4336 1460 4423 praesertim

321 4467 625 4555 organismorum,
661 4468 752 4535 item
784 4466 946 4533 infertur
976 4464 1181 4532 existentia
1212 4462 1375 4548 alicujus
1406 4483 1466 4530 su·
