3125 5317
545 1514 843 1633 THESES

684 1768 711 1816 1.

152 1924 251 1991 Dum
263 1923 626 1991 Rationalistarum
637 1944 810 1992 erroneas
823 1926 992 1993 notiones
1002 1926 1048 1993 de
1059 1946 1276 2011 progressus

120 2060 259 2133 natura,
294 2050 439 2132 initio,
471 2070 589 2133 cansa,
620 2050 778 2137 objecto,
815 2052 898 2134 fine,
930 2053 1039 2139 plene
1071 2052 1273 2139 rejicimus,

122 2178 228 2244 simul
240 2178 373 2245 ideam
384 2196 606 2262 progressus
623 2176 663 2243 in
676 2176 843 2245 humano
853 2198 986 2265 genere
1000 2178 1273 2246 admittendam

122 2304 389 2371 existimamus
407 2310 453 2369 ut
477 2323 598 2370 veram
624 2302 699 2370 imo
723 2310 768 2371 ut
790 2303 1036 2372 christianam
1056 2308 1094 2371 et
1118 2302 1275 2371 catholi-

125 2450 215 2495 cam.
1344 2400 1348 2407 ⁸

675 2541 718 2589 11.

170 2680 287 2747 Ratio
303 2679 460 2765 quidem
476 2680 640 2747 humana
659 2700 733 2748 non
750 2681 874 2748 solum
890 2681 929 2747 in
951 2680 1083 2749 ordine
1108 2679 1275 2748 naturali

130 2807 325 2874 sedetiam
349 2807 388 2872 in
412 2806 545 2873 ordine
569 2806 702 2873 morali
728 2813 766 2874 et
790 2806 977 2893 religioso,
1005 2806 1054 2873 ad
1079 2805 1277 2873 veritatem

130 2933 339 3019 pertingere
354 2933 465 3012 valet,
486 2931 526 2998 iu
551 2950 670 3011 eaque
694 2932 882 3017 proficere:
909 2931 1160 2999 nihilominus
1184 2931 1276 2999 haec

134 3058 187 3123 ris
202 3057 363 3125 rationis
379 3057 470 3123 talis
487 3064 635 3124 nonest
652 3064 695 3125 ut
718 3078 787 3143 pro
803 3076 935 3144 genere
960 3056 1126 3125 humano
1151 3058 1271 3125 exclu-

133 3182 195 3249 dat
219 3182 481 3249 necessitatem
506 3181 746 3250 revelationis
770 3182 820 3249 ad
844 3183 995 3267 plenam
1020 3182 1181 3266 facilem,
1202 3202 1277 3249 oer-

135 3316 220 3385 tam‚
234 3309 438 3375 veritatum
447 3308 593 3375 ordinis
609 3307 776 3394 religiosi
789 3315 827 3375 et
843 3308 997 3375 moralis
1008 3307 1276 3395 cognitionem3

134 3454 196 3500 nec
218 3433 408 3519 profectus
434 3433 589 3500 humani
614 3432 762 3519 generis
787 3437 917 3500 tantus
946 3452 1115 3513 unquam
1137 3433 1211 3501 erit
1234 3438 1278 3501 ut

133 3566 273 3627 cessent
287 3559 468 3645 mysteria
484 3559 635 3646 proprie
651 3559 766 3626 dicta.

670 3774 730 3821 111.

175 3915 281 3982 Rom.
303 3915 354 3995 ΙΙ,
384 3919 440 3997 14,
468 3918 512 3980 16
532 3915 579 3981 ab
603 3915 787 4000 Apostolo
812 3914 977 3997 docetur,
1005 3915 1100 4001 legis
1124 3915 1279 3982 moralis

130 4043 381 4129 cognitionem
398 4040 478 4107 solo
494 4040 652 4107 rationis
668 4040 811 4107 lumine
828 4040 989 4107 obtineri
1008 4060 1126 4126 posse.

670 4269 724 4318 IV.

171 4415 295 4483 Etiam
332 4412 377 4478 in
412 4409 597 4495 praesenti
623 4410 754 4477 ordine
779 4415 953 4493 (naturae
978 4411 1121 4497 lapsae)
1153 4418 1279 4498 potest

1 4556 3 4620 l
126 4542 228 4612 homo
244 4540 424 4609 honesta
435 4554 543 4621 opera
555 4535 655 4606 sacre
670 4541 709 4607 ct
725 4536 886 4605 virtutes
898 4537 1057 4608 morales
1073 4536 1277 4631 acquirere:
