3125 5317
835 717 880 803 ‚12

278 899 421 967 domini
450 897 612 968 facultas
638 898 864 985 disponendi
881 897 928 965 de
944 897 1053 965 rebus
1070 896 1244 984 propriis,
1265 916 1333 963 nec
1348 894 1432 983 iuri

278 1024 508 1092 individuali
525 1024 780 1111 proprietatis,
798 1045 865 1092 nec
881 1025 978 1091 bono
995 1024 1127 1090 sociali
1144 1024 1375 1091 adversatur.

793 1254 918 1302 XXXV.

246 1411 247 1415 ¹
323 1427 494 1496 Partium
508 1448 708 1496 cousensus
718 1433 776 1496 est
788 1427 897 1515 quasi
911 1427 1037 1494 anima
1048 1432 1262 1493 contractus
1277 1449 1285 1508 3
1311 1424 1427 1492 debet

276 1559 401 1620 antem
419 1553 484 1620 ille
501 1572 702 1620 consensus
719 1574 799 1621 esse
815 1553 986 1620 internus
1011 1573 1054 1618 ao
1070 1552 1248 1634 sincerus,
1269 1556 1429 1618 externe

277 1680 551 1763 manifestatae,
573 1680 822 1748 simultaneus
838 1687 877 1747 et
892 1679 1001 1765 plene
1018 1678 1260 1745 deliberatus.

759 1928 899 1976 XXXVL

321 2087 565 2170 Auctoritati‚
602 2095 681 2154 tum
722 2086 996 2154 ecclesiasticae
1036 2095 1116 2153 tum
1157 2087 1270 2154 etiam
1304 2087 1422 2169 civili,

275 2212 454 2295 competit
471 2211 511 2278 in
523 2233 590 2279 suo
601 2212 732 2279 ordine
743 2218 910 2298 potestas
923 2212 1098 2279 irritandi
1113 2219 1326 2279 contractus
1342 2212 1429 2298 jure

277 2337 445 2403 naturali
462 2337 619 2405 validos.
711 2349 715 2358 '

774 2482 933 2530 xxxvia

319 2638 495 2707 Conditio
529 2641 780 2708 essentialiter
806 2640 990 2726 requisita
1025 2641 1064 2706 in
1097 2646 1302 2707 contractu·
1324 2661 1426 2724 emp-

274 2765 401 2830 tiomis
414 2765 646 2833 venditionis
656 2773 714 2833 est
726 2747 870 2853 justum
884 2766 1046 2851 pretium
1059 2789 1067 2848 3
1094 2786 1190 2849 nam,
1208 2772 1251 2833 ut
1264 2766 1374 2832 docet
1386 2766 1421 2831 S.

272 2889 442 2974 Thomasr,
469 2891 547 2975 “si,
568 2891 626 2958 vel
652 2891 815 2976 pretium
840 2891 990 2959 excedit
1014 2890 1266 2978 quantitatem
1284 2891 1425 2958 valoris

175 2993 180 3003 ’
273 3015 336 3095 rei,
352 3016 410 3082 vel
426 3036 446 3083 e
463 3037 637 3084 converso
648 3037 705 3084 res
722 3017 872 3084 excedit
889 3017 1063 3103 pretium,
1079 3017 1234 3084 tolletur
1249 3016 1426 3103 justitiae

274 3143 497 3227 aequalitas.
550 3194 557 3208 .
611 3194 618 3208 .
672 3194 679 3208 .
732 3143 780 3210 Et
805 3143 889 3210 ideo
907 3143 1030 3210 carius
1048 3143 1205 3210 vendere
1222 3143 1280 3210 vel
1305 3142 1424 3209 vilius

273 3287 392 3334 emere
416 3287 492 3334 rem
518 3287 629 3353 quarn
655 3269 779 3335 valeat
803 3275 860 3335 est
884 3269 1088 3335 secuudum
1113 3289 1152 3335 se
1176 3268 1361 3354 injustum
1386 3275 1426 3334 et

275 3392 515 3460 illicitum.’'l
575 3393 673 3460 Male
705 3414 792 3479 ergo
825 3393 937 3460 hodie
970 3414 1044 3461 nou
1071 3393 1182 3478 pauci
1207 3412 1254 3460 ex
1279 3413 1424 3460 <econo-

276 3518 399 3586 mistis
414 3519 526 3604 pretii
542 3518 732 3604 justitiam
746 3518 919 3586 derivant
936 3538 984 3585 ex
998 3520 1077 3586 sola
1087 3520 1253 3605 partium
1271 3506 1425 3585 conven-

275 3644 389 3728 tione,
411 3645 501 3711 dum
526 3665 545 3710 e
570 3649 699 3711 contra
729 3644 893 3729 partium
919 3645 1115 3711 conventio
1140 3644 1174 3710 ei
1200 3643 1426 3711 conformari

277 3769 422 3837 debeat.

757 3897 931 3944 xxxvrn.

322 4055 453 4138 Homo,
482 4063 619 4122 natura
645 4076 723 4136 sua,
745 4055 870 4122 tendit
897 4061 975 4122 tum
1002 4055 1041 4152 in
1066 4055 1204 4122 bonum
1229 4055 1424 4141 proprium

277 4187 356 4248 tum
370 4181 410 4248 in
427 4182 564 4248 bonnm
578 4182 759 4248 aliorum:
788 4181 849 4247 oui
866 4181 1012 4267 duplici
1030 4181 1196 4249 naturali
1211 4181 1427 4249 tendentiae

277 4308 478 4394 respondet
495 4309 637 4393 duplex
654 4308 717 4375 lex
730 4309 868 4375 amoris
885 4329 950 4374 seu
967 4308 1138 4375 caritatis
1155 4329 1244 4394 erga
1259 4309 1425 4394 seipsum

276 4442 314 4502 et
329 4455 416 4521 erga
435 4434 660 4519 proximum.
981 4440 984 4445 ⁴

832 4566 838 4570 -
863 4565 1096 4571 -—--—------—
1121 4566 1129 4570 -
1160 4565 1420 4574 ------..

307 4613 350 4668 18,
365 4612 506 4680 Thomas,
525 4615 578 4678 2-2,
593 4627 622 4680 q.
636 4614 677 4680 77,
690 4626 716 4665 a.
732 4616 755 4666 1.
