3125 5317
818 550 861 636 it

741 761 918 816 xxxvrn.

299 895 487 962 Ecclesiae
534 896 744 981 propositio
792 903 850 963 est
897 897 1071 982 proxima
1119 899 1249 984 regula
1297 880 1397 977 fidei,

257 1021 451 1106 Scriptura
472 1041 557 1088 vero
590 1027 628 1089 et
655 1022 825 1089 Traditio
854 1023 1093 1090 constituunt
1124 1025 1292 1111 ejusdem
1318 1022 1405 1089 fidei

254 1148 421 1232 regulam
440 1154 631 1215 remotam.
685 1195 688 1200 -

755 1239 897 1293 xxxix.

304 1374 521 1442 Proximam
539 1375 626 1442 fidei
650 1378 817 1462 regulam
845 1377 1041 1464 ipsiusque
1069 1379 1162 1446 adeo
1188 1376 1409 1445 traditionis
1489 1395 1492 1398 ’

257 1501 332 1566 vim
350 1502 502 1586 penitus
531 1509 703 1568 evertunt
736 1503 801 1588 qui
839 1502 1144 1569 Protestantismi
1177 1503 1405 1590 principium

257 1628 306 1694 ad
335 1627 489 1694 alteram
508 1626 604 1693 hanc
622 1628 708 1694 tidei
737 1629 904 1712 regulam
922 1637 1099 1696 remotam
1125 1629 1403 1707 transferentes

257 1755 340 1819 oiim
358 1752 575 1837 Doellinger
592 1753 794 1819 docuerant
811 1754 988 1820 ultimum
1005 1755 1191 1842 judicium
1209 1755 1256 1821 de
1286 1754 1402 1821 tra-di-

257 1879 373 1946 tionis
390 1879 589 1945 authentia
606 1880 726 1965 ‹leqne
743 1900 829 1946 vero
845 1881 926 1965 ejus
940 1901 1050 1946 sensu
1064 1902 1137 1946 non
1155 1881 1203 1947 ad
1222 1881 1407 1947 Ecclesiae

254 2006 526 2091 magisterium,
549 2006 612 2072 sed
631 2006 677 2072 ad
697 2006 903 2091 scientiam,
919 2007 997 2073 sive
1010 2006 1310 2092 philosophicam
1330 2007 1407 2072 sive

257 2130 473 2198 historicam
493 2132 548 2196 vel
568 2132 616 2198 ad
639 2132 878 2217 “opinionem
896 2134 1113 2216 publicam'
1135 2133 1334 2218 pertinere.

799 2292 861 2345 XL.

303 2425 599 2492 infallibilitatis
633 2427 819 2512 objectum
848 2448 886 2494 se
912 2429 1085 2494 extendit
1101 2430 1150 2496 ad
1173 2435 1293 2496 totum
1319 2427 1408 2495 fidei

256 2552 481 2636 depositum,
512 2551 666 2633 scilicet,
699 2552 747 2618 ad
774 2573 816 2640 ea
846 2553 972 2620 omnia
998 2574 1093 2640 quae
1119 2554 1197 2620 sive
1226 2554 1407 2639 explicite

256 2679 334 2744 sire
359 2678 543 2763 implicite
569 2678 608 2742 in
625 2678 735 2744 verbo
754 2677 823 2744 Dei
850 2680 1101 2746 continentur.

792 2835 872 2888 XLI.

303 2972 389 3038 Sine
415 2971 636 3057 gravissimo
664 2992 786 3037 errore
813 2949 941 3057 negari
968 2992 1042 3037 non
1070 2978 1195 3057 potest
1218 2972 1406 3039 Ecclesiae

255 3097 570 3164 infallibilitatem
582 3097 630 3163 ad
643 3097 742 3164 facta
753 3097 866 3164 etiam
878 3097 1092 3182 dogmatica
1103 3119 1180 3163 sese
1191 3098 1403 3163 extendere.

782 3256 879 3309 xnu.

305 3393 490 3480 Spectatis
508 3392 701 3459 elementis
719 3397 815 3477 quae
832 3413 880 3456 ex
896 3390 1018 3456 divini
1035 3391 1265 3457 Fundatoris
1278 3391 1408 3456 volun-

257 3526 337 3588 tate
363 3512 566 3586 Ecclesiam
591 3518 733 3586 Christi
752 3518 958 3583 informant
983 3538 1138 3602 caraque
1164 3522 1405 3602 componunt,

160 3705 162 3710 ,
257 3645 449 3712 character
466 3643 704 3710 visibilitatis
730 3643 763 3708 ei
785 3643 840 3708 ita
863 3648 920 3708 est
936 3641 1160 3725 essentialia,
1181 3650 1225 3708 ut
1242 3642 1322 3708 sine
1339 3642 1409 3708 illo

256 3770 424 3838 Ecclesia
440 3769 583 3838 Christi
601 3768 639 3834 in
658 3768 767 3834 terris
785 3767 930 3852 concipi
949 3786 1023 3833 non
1040 3767 1172 3852 possit.

772 3927 887 3980 XLlll.

308 4073 331 4105 “
344 4065 523 4132 Revelata
534 4071 590 4130 est
603 4084 624 4130 a
639 4063 717 4130 Deo
731 4063 902 4129 doctrina
914 4084 1009 4149 quae
1023 4069 1126 4130 tenet
1143 4063 1408 4130 Beatissimam

259 4192 454 4278 Virginem
473 4190 632 4257 Mariam
650 4190 688 4255 in
707 4191 828 4275 primo
845 4190 1004 4256 instanti
1029 4211 1117 4256 suae
1143 4189 1409 4274 Conceptionis

156 4315 158 4320 ’
258 4319 375 4385 fnisse
404 4316 586 4398 singulari
612 4315 891 4400 Omnipotentis
909 4316 978 4381 Dei
997 4316 1120 4400 gratia
1137 4320 1176 4382 et
1191 4315 1404 4400 privilegia

258 4445 404 4513 intuitu
421 4444 637 4510 meritorum
654 4443 797 4511 Christi
815 4442 906 4509 Jcsu
925 4443 1130 4509 Salvatoris
1147 4441 1303 4508 humani
1322 4462 1407 4528 gen·
