3125 5317
843 472 885 536 14

285 649 336 720 sit
353 651 565 740 superflum.
618 654 676 720 ax
700 661 807 740 parte
832 659 956 722 autem
974 651 1203 740 recipientis,
1224 651 1435 742 requiritur

285 779 386 864 quod
403 780 662 848 necessitatem
680 779 880 847 habeat.’'l

800 1010 914 1058 XLIII.

331 1150 424 1219 Cum
452 1150 680 1235 superfluum
707 1151 851 1237 duplex
879 1151 1149 1238 distinguatur,
1176 1157 1334 1220 naturae
1358 1153 1429 1220 sci·

283 1277 372 1344 licet
388 1281 425 1343 et
442 1281 575 1360 status,
597 1277 833 1344 necessitatis
851 1282 974 1344 autem
996 1277 1135 1363 gradum
1153 1277 1295 1363 triplex
1312 1299 1334 1345 a
1351 1278 1429 1346 the-

284 1401 403 1486 ologis
428 1402 649 1488 assignetur,
679 1408 877 1486 extremae,
906 1403 1042 1486 gravis,
1072 1404 1302 1486 communis3
1327 1425 1431 1490 prae·

284 1535 433 1614 ceptum
450 1529 705 1614 eleemosynae
722 1529 966 1614 sequentibus
983 1529 1295 1596 affirmationibus
1311 1530 1431 1616 expli-

285 1674 433 1721 camus:
477 1654 692 1733 Numquam
731 1653 900 1739 proximo
932 1654 1092 1739 privato,
1126 1654 1165 1720 in
1197 1674 1434 1737 quacumque

284 1780 505 1847 necessitate
531 1787 707 1862 versetur,
737 1780 1033 1846 subveniendum
1061 1788 1118 1847 est
1141 1801 1189 1846 ex
1213 1783 1433 1850 necessariis

284 1918 441 1973 naturae
456 1905 693 1988 ;·-Pr0xim0
718 1905 757 1971 in
782 1911 949 1973 extrema
976 1906 1196 1973 necessitate
1222 1908 1434 1976 constituto

285 2031 579 2099 subveniendum
606 2035 663 2098 est
688 2050 762 2098 non
789 2032 909 2098 solum
927 2053 975 2098 ex
992 2031 1193 2118 superfluis
1211 2039 1344 2117 status,
1365 2035 1433 2100 sed

284 2156 397 2224 etiam
417 2157 657 2236 aliquatenus
674 2177 720 2223 ex
738 2157 940 2239 superfiuis
964 2166 1121 2224 naturae
1136 2157 1373 2240 3—Proxim0
1391 2159 1433 2225 in

283 2283 389 2368 gravi
400 2282 622 2349 necessitate
633 2282 840 2348 constituto
858 2282 1152 2350 subveniendum
1170 2290 1228 2350 est
1243 2304 1292 2350 ex
1304 2305 1432 2370 super-

284 2409 370 2476 tluis
402 2407 865 2488 status3—Oommunibus
904 2429 1111 2495 pauperum
1144 2409 1435 2477 necessitatibus

255 2572 257 2576 ·
285 2533 482 2601 subvenire
499 2540 668 2600 tenemur
684 2553 730 2599 ex
748 2533 839 2600 solis
856 2534 1055 2619 superfiuis
1072 2540 1206 2615 status,
1223 2542 1261 2602 et
1278 2536 1433 2615 quidem

285 2679 358 2725 non
387 2659 442 2725 ita
471 2664 513 2723 ut
541 2658 702 2744 singulis
732 2658 982 2744 indigentiam
1014 2659 1249 2745 patientibus
1281 2660 1434 2740 aliquid

284 2784 373 2851 dare
398 2783 608 2865 debeamus,
630 2783 694 2850 sed
719 2783 773 2850 ita
793 2790 836 2851 ut
860 2784 1066 2863 aliquando
1090 2785 1345 2872 eleemosynas
1369 2787 1432 2852 de·

284 2911 436 2977 beamus
461 2909 625 2994 elargiri,
647 2918 759 2995 prout
776 2911 941 2995 prudens
967 2910 1133 2978 charitas
1150 2911 1273 2978 dictat
1295 2912 1433 2997 elargi-

286 3035 412 3103 endas.

801 3197 909 3245 amu.

331 3304 524 3372 Immerito
576 3304 851 3390 eleemosynam
897 3303 1153 3372 Christianam
1204 3307 1435 3393 impugnant

283 3429 587 3512 evolutionistae,
617 3429 888 3496 communistae
911 3436 949 3496 et
972 3430 1131 3516 quidam
1153 3431 1432 3514 mconomistae‚

285 3556 396 3643 quasi
420 3561 517 3622 esset
533 3555 707 3641 opposita
732 3555 898 3622 naturali
916 3556 1053 3641 speciei
1078 3556 1311 3641 perfectioni,
1333 3556 1437 3623 indi·

285 3680 432 3748 viduali
451 3681 632 3766 dignitati
648 3687 686 3748 et
706 3681 802 3748 bono
820 3681 1009 3748 communi
1025 3683 1228 3749 societatis.

811 3945 902 3994 XLV.

332 4085 438 4152 Licet
454 4085 620 4153 maxime
637 4087 846 4154 necessaria
862 4087 913 4154 sit
929 4094 967 4153 et
983 4088 1091 4154 utilis
1108 4088 1247 4155 caritas
1264 4089 1429 4175 privata,

285 4217 422 4292 tamen,
450 4212 515 4278 ubi
544 4233 586 4279 ea
615 4233 689 4279 non
718 4214 865 4296 sufficit,
894 4213 978 4299 ipsa
1007 4214 1256 4282 communitas
1284 4221 1438 4282 tenetur

322 4386 369 4440 ¹S.
383 4385 523 4454 Thomas,
538 4391 592 4454 2-2,
606 4404 635 4455 q.
649 4391 692 4455 35,
706 4403 732 4442 a.
748 4391 773 4442 1.
