3125 5317
434 1087 438 1096 ’
490 1159 808 1278 nnssss.

638 1395 664 1443 1.

157 1538 260 1606 “Dens
308 1590 316 1604 .
370 1590 377 1604 .
429 1590 436 1604 .
487 1558 571 1605 enm
604 1536 657 1603 sit
687 1556 774 1618 una,
811 1533 1027 1622 singularis,
1064 1533 1227 1618 simplex

124 1665 237 1732 omnino
250 1671 287 1731 et
304 1662 622 1731 incommutabilis
645 1661 861 1728 substantia
877 1659 1102 1746 spiritualis,
1123 1679 1227 1744 prae·

124 1789 268 1857 dicandus
284 1795 341 1856 est
358 1809 395 1856 re
412 1794 449 1856 et
466 1787 629 1856 essentia
646 1786 1045 1855 amundodistinotus
1094 1836 1102 1851 .
1155 1836 1163 1850 .
1216 1836 1224 1851 .

125 1915 336 2001 superomnia
353 1935 448 2002 quae
476 1920 625 2000 praeter
648 1914 772 1999 ipsum
792 1918 881 1979 sunt
907 1917 946 1979 et
971 1909 1116 1995 concipi
1146 1930 1228 1994 pos·

124 2047 195 2122 sunt,
212 2039 447 2108 ineffabiliter
468 2039 701 2107 excelsus.”1

632 2234 674 2283 11.

151 2375 175 2442 A
198 2376 358 2444 doctrina
385 2375 580 2457 catholiea,
608 2376 721 2460 juxta
746 2393 860 2461 qnam
888 2372 1053 2440 essentia
1081 2371 1223 2454 divina,

124 2521 185 2584 nna,
202 2501 405 2588 singularis,
426 2501 644 2569 manifestat
669 2520 756 2567 suas
780 2499 1028 2585 perfectiones
1045 2519 1111 2584 per
1126 2497 1230 2564 entia

124 2635 228 2708 ereata,
246 2627 284 2692 in
306 2626 443 2712 quibus
469 2626 590 2693 divini
619 2646 700 2694 esse
732 2624 864 2712 aliqua
896 2624 1081 2710 reperitur
1097 2623 1229 2689 simili·

30 2835 31 2850 ¹
125 2752 202 2836 tudo,
217 2759 290 2820 toto
305 2752 405 2820 eoelo
421 2752 541 2820 distat
558 2751 716 2820 assertio
729 2751 821 2818 haee
833 2751 945 2836 plane
958 2749 1227 2836 pantheistica:

125 2897 208 2943 nnam
223 2878 455 2964 eamdemque
470 2898 550 2945 esse
574 2876 646 2944 Dei
670 2885 708 2944 et
731 2897 854 2944 rerum
872 2875 1039 2944 omnium
1058 2875 1229 2942 substan·

125 3000 191 3066 tiam
207 3003 259 3068 vel
270 3002 462 3070 essentiam
512 3055 519 3068 .
573 3054 581 3068 .
634 3054 641 3068 .
694 3009 761 3070 aut
778 3001 946 3068 divinam
958 3000 1158 3068 essentiam
1170 2999 1229 3065 sni

125 3125 390 3194 manifestatione
404 3127 460 3194 vel
477 3126 692 3195 evolutione
708 3127 789 3202 fieri
806 3126 995 3195 omnia.”2

627 3320 687 3370 111.

157 3459 242 3527 Haeo
258 3461 487 3548 ontologismi
513 3462 736 3548 propositio:
761 3455 974 3529 “naturalis
1000 3468 1058 3529 est
1086 3460 1230 3527 homini

126 3586 262 3670 cognitio
283 3587 348 3654 Dei
373 3588 592 3689 immediata
608 3595 646 3666 et
662 3588 847 3672 direota‚”
869 3589 917 3655 ad
943 3587 1230 3654 Pantheismum

127 3715 153 3774 et
166 3711 458 3804 Rationalismnm
474 3716 558 3802 jure
574 3713 673 3782 viam
691 3719 854 3783 sternere
871 3701 1025 3782 dieitur.

631 3910 685 3959 IV.

163 4046 278 4116 “Solus
292 4071 396 4117 verns
420 4050 523 4118 Deus
545 4050 714 4118 bonitate
739 4071 808 4118 sna
830 4054 868 4117 et
892 4051 1143 4136 omnipotenti
1160 4051 1232 4117 vir-

131 4175 200 4254 tute,
219 4193 281 4240 non
297 4174 344 4241 ad
360 4175 568 4262 augendam
585 4195 690 4242 suam
708 4175 996 4262 beatitudinem,
1018 4196 1084 4241 neo
1101 4178 1149 4244 ad
1175 4197 1231 4244 ao·

156 4363 280 4420 ‘nonna
292 4368 385 4423 Vatia
399 4369 437 4424 de
449 4369 525 4424 Fide
537 4369 636 4437 Geth„
649 4384 675 4424 o.
690 4372 714 4425 1.
998 4366 1013 4401 τ’

157 4449 290 4515 ’Appiam
302 4465 382 4506 eona
395 4453 492 4508 Vntio.
506 4452 625 4508 eolleot
640 4453 720 4521 Lae,
733 4468 764 4522 p.
778 4455 836 4508 619.
