3125 5317
841 497 883 566 14

776 703 950 751 XXXVIII.

332 843 409 910 The
426 843 659 930 probability
677 842 717 911 of
743 843 808 910 the
834 843 969 929 theory
985 842 1224 931 considering
1247 844 1312 912 the
1327 865 1434 913 num-

286 967 371 1037 bers
387 969 495 1056 given
516 969 556 1036 in
573 969 665 1037 Gen.
687 969 722 1038 V
741 970 816 1036 and
834 969 901 1054 XI,
915 969 975 1037 for
990 970 1056 1037 the
1072 990 1159 1057 ages
1184 970 1225 1037 of
1249 970 1314 1038 the
1330 977 1433 1039 ante-

287 1094 505 1162 abrahamio
517 1094 741 1180 patriarche,
757 1115 798 1161 as
815 1094 957 1181 having
966 1096 1056 1180 only
1068 1095 1299 1182 afigurative
1309 1116 1434 1164 mean·

287 1221 363 1308 ing,
384 1220 417 1288 is
434 1221 579 1307 mainly
595 1221 827 1288 established
852 1221 903 1307 by
928 1219 1147 1307 comparing
1166 1220 1232 1289 the
1257 1222 1435 1291 numbers

285 1347 397 1434 given
414 1348 465 1433 by
483 1346 643 1415 Berosus
671 1347 730 1414 for
757 1347 824 1415 the
848 1347 931 1414 first
956 1352 1020 1413 ten
1046 1344 1240 1415 Chaldean
1264 1347 1378 1436 kings
1394 1355 1435 1416 to

284 1473 393 1541 those
409 1473 520 1560 given
536 1472 588 1559 by
604 1473 669 1540 the
680 1473 790 1540 Bible
803 1471 861 1540 for
871 1472 937 1539 the
947 1477 1010 1539 ten
1024 1472 1301 1540 ante-diluvian
1311 1474 1432 1559 patri-

286 1599 405 1666 arohs.

812 1709 949 1756 xxxrx.

331 1867 499 1936 Ultimus
526 1866 691 1934 hominis
717 1865 815 1951 finis,
841 1872 925 1934 “ex
943 1887 1028 1952 quo,
1049 1871 1093 1933 nt
1119 1866 1175 1934 ait
1199 1866 1234 1939 S.
1253 1867 1427 1953 Thomas,

286 1994 453 2080 accipere
481 1999 629 2078 oportet
658 1992 823 2060 rationes
851 2012 977 2059 eornm
1006 2011 1103 2079 quae
1132 1992 1358 2061 ordinantur
1383 1996 1433 2063 ad

284 2121 436 2203 finem‚’'
452 2122 466 2171 1
491 2119 529 2185 in
549 2118 681 2186 ordine
698 2124 778 2185 tum
797 2117 964 2184 naturali
977 2124 1058 2185 tum
1075 2120 1355 2204 supernaturali
1374 2126 1434 2188 est

282 2245 448 2332 perfecta
480 2243 644 2311 felicitas
676 2264 741 2310 seu
781 2243 979 2311 beatitudo
1011 2244 1120 2330 ouius
1152 2244 1340 2330 objectum
1375 2252 1436 2313 est

283 2370 396 2452 Deae,
418 2369 493 2436 alio
519 2375 645 2437 tamen
672 2368 812 2435 etalio
839 2368 949 2435 modo
974 2389 1043 2453 pro
1070 2368 1269 2455 utriusque
1285 2370 1435 2437 ordinis

282 2495 442 2580 ideoque
458 2493 573 2561 etiem
601 2492 854 2561 beatitudinis
882 2492 1008 2560 indole
1033 2493 1278 2580 attingendus
1293 2499 1332 2562 et
1347 2515 1434 2580 pos-

283 2620 474 2688 sidendns.

824 2728 886 2776 xn.

328 2871 467 2938 Contra
496 2868 780 2936 Positivismnm
809 2868 988 2936 moralem
1016 2869 1217 2936 statuenda
1244 2875 1303 2938 est
1332 2870 1435 2937 exis-

280 2995 402 3063 tentia
427 2994 520 3080 legis
544 2994 730 3061 naturalis
747 3014 844 3080 quae
868 3015 890 3060 a
916 2994 951 3060 S.
971 2994 1114 3062 Thoma
1132 2995 1265 3063 merito
1290 2995 1437 3064 dicitnr

280 3119 525 3208 participatio
541 3120 635 3207 legis
652 3125 825 3187 aeternae
842 3119 882 3186 in
899 3119 1077 3187 rationali
1095 3123 1299 3189 creaturan

840 3332 919 3380 XLI.

331 3472 563 3540 “Possidere
588 3491 647 3540 res
672 3472 851 3558 privatim
877 3477 921 3539 ut
944 3493 1042 3557 snas,
1071 3474 1134 3560 jus
1157 3479 1215 3542 est
1238 3473 1386 3543 homini
1412 3497 1437 3544 a

282 3605 419 3667 natura
435 3598 630 3666 datum.”3

807 3741 904 3790 xn11.

331 3897 485 3966 “Nemo
510 3902 608 3965 oerte
632 3897 815 3984 opitulari
839 3898 926 3966 aliis
950 3899 997 3966 de
1015 3919 1058 3966 eo
1078 3900 1241 3984 iubetur,
1261 3903 1365 3988 quod
1382 3905 1435 3972 ad

279 4046 371 4094 usus
382 4024 571 4111 pertineat
583 4045 667 4092 eum
681 4044 768 4092 suos
781 4029 862 4091 tum
876 4045 1027 4093 suorum
1040 4028 1268 4096 necessarios
1282 4051 1290 4096 :
1315 4029 1435 4100 immo

316 4235 348 4288 ¹1
365 4235 396 4288 ΙΙ
407 4249 436 4302 q.
451 4238 465 4287 1
479 4235 559 4288 Prol.

317 4319 637 4387 ¹111q.e1a1ad1.

314 4402 394 4456 ‘noo
405 4402 490 4470 XIII,
505 4401 611 4469 Eneyl.
625 4403 735 4455 Remus
746 4401 904 4455 Novarum.
