3125 5317
1974 428 2061 490 10

1882 596 2159 651 XXXIX.

967 695 1201 765 Nullo
1226 695 1468 766 solido
1493 704 1931 785 argumento
1963 697 2323 766 inuititur
2367 697 2680 766 assertio
2712 693 3125 765 Monotheie

875 824 1076 872 mum
1109 826 1154 872 a
1187 805 1577 892 prophetis
1610 808 1905 911 saeculo
1938 813 2201 875 octavo
2235 808 2358 895 (A.
2400 805 2519 893 C.)
2553 805 2756 893 apud
2791 803 3125 873 Hebraeo

875 912 1110 981 fuisse
1143 913 1561 982 inductum.

1964 1040 2083 1094 XL.

967 1136 1126 1206 {Deo
1177 1140 1493 1208 debetur
1542 1142 1795 1209 cultus
1844 1161 2257 1227 supremus,
2326 1161 2476 1208 non
2527 1142 2767 1208 solum
2831 1140 3125 1206 internu

879 1248 1006 1316 sed
1039 1254 1417 1333 externus,
1458 1269 1610 1316 non
1643 1250 1883 1317 solum
1932 1249 2274 1336 privatus
2308 1250 2438 1317 sed
2470 1249 2842 1335 publicus.

1977 1425 2128 1479 XLI.

967 1523 1333 1610 Legitime
1364 1525 1667 1593 omnino
1702 1527 1953 1594 cultus
1988 1526 2493 1595 sacratissimi
2526 1525 2793 1595 Cordis
2850 1525 2898 1592 J
2902 1545 3034 1593 esu
3069 1525 3125 1592 ai

879 1631 1210 1700 Ecclesia
1243 1634 1703 1719 approbatus
1737 1641 1851 1703 est
1884 1641 1960 1702 et
1993 1635 2573 1703 commendatus.

1933 1809 2115 1862 XLII.

967 1907 1236 1976 Cultus
1317 1909 1777 1995 Sanctorum,
1881 1911 2102 1979 modo
2211 1910 2747 1978 subordinatus
2840 1915 3125 1977 maneat

879 2015 1310 2084 nullatenus
1344 2038 1389 2085 a
1425 2018 1493 2085 S.
1540 2018 1929 2104 Scriptura
1961 2018 2423 2102 prohibetur.

1914 2193 2126 2247 XLIII.

971 2288 1058 2356 In
1092 2292 1338 2360 verbis
1396 2291 1622 2361 Pauli
1664 2294 1875 2362 “Est
1926 2301 2176 2363 autem
2210 2295 2395 2363 fides
2430 2296 2966 2382 sperandarum
3001 2295 3125 2364 sut

879 2398 1161 2467 stantia
1194 2420 1461 2486 rerum,
1504 2409 2026 2489 argumentum
2071 2423 2221 2471 non
2271 2404 2941 2490 apparentium''¹‚
3002 2424 3125 2476 uon

879 2508 1164 2574 tinetur
1214 2508 1520 2577 virtutis
1571 2510 1748 2578 fidei
1799 2511 2204 2599 descriptio
2255 2533 2350 2580 ex
2405 2531 2556 2599 qua
2607 2516 2957 2580 accurata
3006 2513 3125 2599 eju

883 2614 1223 2684 definitio
1256 2618 1419 2685 erui
1451 2624 1723 2704 potest.

1936 2760 2140 2815 XLIV.

971 2862 1175 2930 Inter
1207 2860 1472 2928 Fidem
1515 2867 1592 2929 et
1647 2861 2045 2930 Rationem
2102 2863 2314 2930 nulla
2368 2883 2542 2930 vera
2586 2861 2956 2930 dissensio
3007 2882 3125 2930 ess

883 2977 1148 3056 potest.

1944 3094 2118 3149 XLV.

971 3196 1043 3264 It
1074 3196 1142 3263 is
1173 3195 1365 3263 false
1396 3195 1569 3262 that
1602 3194 2108 3283 Christianity
2141 3196 2227 3281 is,
2269 3197 2352 3263 in
2408 3216 2559 3282 any
2593 3217 2825 3280 sense,
2868 3216 2964 3263 an
3018 3195 3125 3262 hie

879 3305 1146 3372 turical
1181 3304 1704 3389 development
1736 3304 1815 3371 of
1847 3304 1896 3372 J
1899 3305 2129 3373 ewish
2164 3304 2563 3373 Essenism.

1932 3479 2136 3535 XLVI.

967 3578 1121 3648 The
1165 3578 1673 3664 Therapeutae
1691 3600 1878 3649 were
1910 3586 2044 3690 not
2073 3580 2458 3650 Christian
2490 3581 2782 3666 monks,
2811 3582 2950 3649 but
2982 3582 3030 3649 J
3034 3601 3125 3649 ew

879 3688 999 3755 ish
1033 3688 1369 3755 asceticS.

1898 3813 2133 3866 XLVII.

971 3912 1058 3978 In
1101 3912 1233 3979 the
1286 3912 1744 3981 Gnosticism
1779 3913 1858 3981 of
1905 3914 2036 3981 the
2076 3915 2348 3982 second
2382 3921 2698 4002 century
2730 3937 2839 3984 we
2871 3936 3011 4000 see,
3053 3915 3125 3984 fo

875 4020 1008 4088 the
1058 4020 1224 4088 first
1285 4018 1489 4106 time,
1548 4041 1646 4088 an
1710 4023 2107 4109 organized
2156 4031 2436 4110 system
2476 4024 2556 4092 of
2602 4024 3125 4093 anti-christia:

883 4127 1410 4197 Rationalism.
2649 4147 2653 4152 ·

951 4287 1080 4354 ῙΙΕΡ.
1112 4287 1180 4340 ad
1207 4286 1349 4340 Heb.
1386 4286 1488 4340 XI.
1520 4290 1566 4340 1.

855 5153 1018 5232 hs
