3125 5317
864 487 907 557 14

314 669 492 741 momenti
506 670 719 741 rationibus
731 672 951 741 innituntur
965 697 974 757 ;
999 693 1066 760 per
1077 694 1121 743 ea
1133 675 1233 744 enim
1250 674 1458 745 consulitur

288 855 290 858 .
313 798 616 867 contrahentium
640 797 810 866 libertati
826 804 865 883 et
888 799 1122 885 prudentiae,
1143 800 1374 870 familiarum
1398 803 1456 871 de·

312 925 388 992 cori
405 930 444 993 et
453 924 708 1012 prosperitati,
722 924 919 1012 religionis
929 926 1138 1013 sanctitati,
1152 928 1326 1014 publicae
1342 948 1457 997 mora·

313 1050 428 1118 litati.

856 1160 919 1210 xc.

357 1284 465 1351 Finis
482 1284 597 1371 huius
613 1283 840 1369 disciplinae
856 1304 930 1353 uon
955 1284 1162 1371 impeditur
1177 1286 1290 1373 praxi
1307 1286 1456 1374 dispeu-

311 1410 421 1478 sandi
437 1408 478 1476 in
495 1408 786 1495 impedimentis,
807 1408 933 1497 qualis
949 1410 989 1477 in
1007 1410 1174 1479 Ecclesia
1190 1412 1302 1499 viget.

850 1592 932 1654 xut.

357 1727 692 1815 Dispensationum
709 1734 841 1797 auctor
859 1727 900 1795 in
920 1730 1066 1798 cunctis
1083 1729 1374 1817 impedimentis,
1396 1752 1457 1798 ex-

311 1854 431 1940 ceptis
446 1854 530 1941 jure
546 1853 677 1922 divino
693 1853 973 1938 dirimentibus,
993 1861 1051 1923 est
1067 1875 1234 1924 summus
1259 1856 1452 1926 Pontiferr.

275 2038 279 2045 ,
311 1978 489 2066 Episcopi
521 1999 617 2064 vero,
646 1979 819 2066 quamvis
850 1981 933 2066 J'ure
963 1982 1116 2067 proprio
1140 1982 1358 2068 dispensare
1383 2002 1457 2049 nou

309 2105 468 2192 possint,
488 2110 613 2172 tamen
630 2127 678 2172 ex
694 2106 812 2174 tacita
830 2106 887 2173 vel
903 2126 1080 2193 expressa
1098 2106 1295 2176 Pontificio
1311 2108 1457 2195 delega-

310 2231 415 2300 tione
430 2231 548 2299 variis
564 2231 605 2299 in
622 2232 772 2300 casibus
788 2231 1021 2320 dispensant.

837 2444 932 2494 XLII.

356 2564 553 2634 Possidere
563 2566 712 2654 aliquid
728 2567 839 2654 quasi
852 2569 1046 2655 proprium
1057 2574 1115 2637 est
1125 2570 1275 2640 licitum
1285 2576 1323 2639 et
1334 2591 1457 2640 neces-

309 2673 449 2742 sarium
466 2674 612 2760 triplici
628 2674 775 2743 ratione
792 2676 1075 2763 sollicitudinis,
1095 2678 1240 2747 ordinis
1257 2684 1295 2747 et
1310 2680 1430 2766 pacis.
1444 2682 1459 2732 1

829 2890 938 2939 XLIII.

355 3012 479 3082 Licita
503 3019 541 3082 et
569 3014 733 3083 humano
760 3016 974 3102 progressui
1005 3016 1115 3085 utilis
1145 3025 1203 3086 est
1233 3038 1308 3086 nou
1333 3020 1457 3087 solum

308 3138 459 3225 privata
469 3140 656 3226 possessio
672 3160 795 3207 rerum
813 3141 1020 3226 mobilium,
1037 3142 1294 3211 verumetiam
1311 3164 1457 3230 posses·

307 3264 365 3331 sio
375 3264 496 3350 ipsius
507 3271 641 3334 terrae:
668 3265 760 3334 haec
770 3272 898 3335 tamen
911 3268 1096 3354 possessio
1109 3268 1339 3357 intelligitur
1353 3270 1456 3338 limi-

308 3395 402 3475 tata,
423 3392 648 3479 dependens,
669 3393 969 3482 obligationibus
985 3402 1150 3465 onerata.

826 3605 936 3656 XLIV.

354 3727 458 3808 Quae
489 3736 620 3797 contra
651 3729 882 3817 principium
921 3731 1092 3818 privatae
1126 3734 1373 3820 possessionis
1406 3756 1457 3804 ex

309 3853 458 3921 Sanctis
482 3853 663 3923 Patribus
694 3856 753 3923 vel
785 3856 982 3945 Theologis
1006 3858 1205 3927 catholicis
1228 3860 1455 3949 afferuntur,

308 3979 439 4048 inania
451 3987 551 4049 sunt.

834 4092 925 4142 xuv.

353 4213 527 4283 Hominis
559 4220 716 4284 naturae
740 4216 973 4286 individuali
1001 4238 1045 4286 ac
1069 4218 1201 4288 sociali
1230 4220 1376 4308 duplex
1401 4243 1459 4291 re-

347 4388 394 4446 ¹8.
408 4390 550 4459 Thomas,
563 4395 617 4460 Μ,
630 4406 660 4461 q.
674 4394 716 4461 tt,
729 4407 756 4448 a
770 4394 796 4448 2.
