3125 5317
861 637 883 701 8

829 855 899 904 XII.

334 999 580 1068 Alienissima
606 1003 663 1067 est
688 1020 710 1066 a
734 1019 827 1066 sana
850 996 1042 1084 theologia
1066 994 1283 1064 recentioris
1311 992 1439 1060 haere-

289 1125 358 1193 tici
376 1129 390 1178 1
409 1126 566 1194 assertio
588 1125 803 1212 “questioni
821 1130 948 1192 utrum
975 1123 1141 1209 Spiritus
1167 1122 1326 1189 Sanctus
1350 1137 1435 1204 pro·

288 1252 397 1320 cedat
435 1252 550 1320 etiam
583 1273 606 1319 a
644 1250 755 1333 Filio,
784 1249 935 1317 nonnisi
963 1247 1194 1335 speculative
1217 1241 1438 1330 responderi

287 1381 413 1462 potest
424 1376 459 1461 ;'’
511 1377 824 1444 distinctionibus
870 1395 957 1442 vcro
1005 1375 1104 1440 inter
1158 1370 1438 1439 “traditionem

288 1503 411 1570 fidei'’
432 1509 471 1570 et
492 1502 821 1590 “speculationem
838 1499 1129 1588 theologicam,”
1151 1498 1249 1566 inter
1270 1495 1438 1565 “unani-

288 1649 383 1696 mem
416 1628 660 1697 traditionem
700 1629 824 1696 fidei’'
859 1633 898 1695 et·
933 1625 1213 1695 “traditionem
1254 1621 1439 1708 theologi-

288 1756 409 1840 cam,’'
433 1755 571 1842 quibus
587 1775 746 1822 errorem
764 1774 873 1821 suum
897 1752 1032 1820 fulcire
1057 1750 1206 1834 nititur,
1227 1749 1312 1835 ipsa
1335 1749 1438 1835 prin-

289 1879 391 1966 cipia
406 1879 635 1967 cognitionis
651 1878 881 1948 christianae
896 1883 935 1946 et
950 1877 1160 1946 catholicae
1176 1874 1340 1963 turpiter
1356 1893 1439 1962 per-

288 2005 414 2073 vertit.

825 2116 914 2164 x111.

333 2292 531 2379 Principia
558 2292 836 2360 hermeneutica
860 2313 883 2359 a
907 2292 1109 2360 Photianis
1129 2291 1287 2359 conficta
1309 2293 1348 2356 et
1385 2308 1441 2356 re·

287 2418 433 2486 centius
450 2439 473 2485 a
489 2417 655 2485 Macerio
673 2417 882 2503 Bulgakow
894 2417 1080 2501 refricata,
1102 2420 1119 2468 2
1137 2422 1181 2483 ut
1197 2435 1345 2483 sensum
1359 2435 1441 2481 ver-

288 2544 419 2610 borum
452 2543 591 2630 quibus
616 2543 656 2608 in
682 2543 877 2629 Scriptura
900 2543 1086 2628 processio
1111 2541 1278 2628 Spiritus
1303 2538 1437 2606 Sancti

286 2689 309 2735 a
337 2669 437 2735 Filio
470 2668 706 2747 describitur,
743 2669 1003 2755 detorqueant,
1047 2667 1173 2753 ipsum
1212 2667 1349 2752 dogma
1392 2665 1441 2731 de

288 2799 439 2861 aeterna
471 2794 637 2879 Spiritus
670 2794 799 2861 Sancti
822 2793 1056 2880 processione
1088 2815 1111 2861 a
1143 2793 1257 2860 Patre
1288 2791 1328 2858 in
1360 2791 1441 2857 dis-

288 2920 426 2987 crimen
455 2920 661 2988 adducunt.
728 2921 886 2987 Frustra
911 2939 1059 3007 quoque
1084 2920 1280 3006 appellant
1304 2917 1353 2985 ad
1382 2938 1441 2985 ra-

288 3046 428 3113 tionem
446 3047 733 3132 argumentandi
752 3068 775 3114 a
792 3046 971 3113 Patribus
988 3052 1118 3114 contra
1134 3043 1442 3113 Pneumatochos

289 3170 501 3238 adhibitam
514 3172 571 3238 vel
585 3171 638 3267 ‚ad
655 3171 806 3238 modum
823 3171 1002 3258 loquendi
1020 3171 1178 3238 Patrum
1195 3169 1436 3251 Graecorum,

289 3296 355 3381 qui
383 3296 565 3382 Spiritum
593 3296 770 3363 Sanctum
792 3303 874 3363 “ex
891 3297 1004 3364 Patre
1024 3317 1090 3383 per
1114 3294 1291 3364 Filium''
1312 3313 1440 3399 procc-

290 3422 377 3489 dere
393 3421 626 3507 profitentur.

817 3533 900 3580 xlv.

334 3706 553 3774 Praesentia
577 3711 615 3773 et
639 3707 807 3791 operatio
833 3706 998 3792 Spiritus
1023 3706 1152 3773 Sancti
1175 3707 1215 3772 in
1247 3704 1441 3772 Ecclesiae

288 3832 462 3899 membris
486 3838 530 3900 ut
553 3832 729 3898 membris
754 3832 909 3917 Christi,
939 3833 978 3898 in
1002 3832 1200 3899 animabus
1225 3837 1268 3898 ut
1291 3829 1441 3900 christi

287 3957 435 4042 sponsis
447 3963 505 4025 est
517 3958 701 4043 quaedam
713 3958 901 4025 emanatio
914 3962 952 4025 et
964 3957 1200 4024 continuatio
1211 3956 1319 4023 illius
1330 3977 1439 4042 prae·

288 4083 431 4149 seutiae
469 4088 507 4150 et
545 4083 788 4169 operationis,
824 4104 899 4171 qua
931 4083 971 4149 in
998 4083 1249 4150 sanctissima
1291 4082 1439 4151 Christi

335 4230 389 4234 ......
409 4230 471 4235 --
496 4231 723 4236 ——.-.-..-..
760 4231 847 4239 ——,.—
874 4231 888 4236 ..
905 4231 985 4236 —

321 4291 329 4315 ¹
348 4290 400 4343 Dr.
415 4290 551 4357 Langen:
575 4291 630 4344 Dte
644 4292 854 4345 Ponitur-tache
870 4293 1084 4359 Lehrdiffercnz
1103 4293 1244 4346 zwbchen
1260 4293 1314 4346 der
1328 4293 1443 4345 abend-

288 4374 464 4427 tanrdt'schcn
474 4375 538 4426 und
548 4375 844 4442 morcentaendr'scten
854 4376 993 4443 Kirche,”
1007 4377 1096 4429 Bonn
1108 4379 1182 4430 1876.

322 4479 331 4501 ²
352 4473 499 4541 theoloptc
517 4475 702 4542 domnatique
713 4477 870 4529 orttwdoaec
876 4492 937 4545 par
952 4478 1085 4530 Macota-c
1102 4479 1273 4548 Buipckow,
1287 4481 1387 4552 intorte
1403 4482 1443 4540 dc

293 4557 438 4624 Vinnitzc,
452 4560 503 4611 etc.
540 4557 636 4625 Paris,
656 4561 730 4613 18⁶0.
1198 4559 1201 4562 ’
