3125 5317
657 596 681 676 t

105 809 221 883 prenae
242 794 467 865 voluntatis
494 818 594 887 qnae
619 798 731 867 rebus
754 798 1017 887 praestituerit
1040 797 1132 867 fines
1157 810 1241 866 con·

102 926 265 989 sentaneos
297 921 349 988 ad
384 942 493 1011 quos
525 924 808 1013 consequendos
840 930 978 993 natura
1008 944 1077 992 sna
1109 928 1244 1010 sponte
1309 970 1312 975 -

103 1048 330 1133 impelluntur.

651 1153 688 1202 x.

134 1300 292 1367 Animam
306 1300 527 1371 humanam
544 1321 781 1389 nequaquam
795 1302 969 1389 partibus
981 1300 1242 1369 materialibus

103 1432 169 1491 ntnt
185 1425 458 1495 subtilissimis
484 1434 656 1496 constare
677 1427 817 1495 invicte
840 1426 1027 1495 evincitur
1050 1447 1098 1493 ex
1114 1425 1243 1493 indole
1326 1508 1331 1519 Ι

104 1548 331 1637 cogitationis,

639 1662 693 1711 xn.

135 1804 361 1890 Quapropter
390 1805 568 1875 doctrina
596 1824 763 1873 asserens
783 1804 979 1872 materiam
995 1808 1041 1871 ut
1055 1803 1170 1871 talem
1187 1802 1240 1871 fa·

105 1928 220 1996 cultata
242 1931 447 2017 cogitandi
465 1937 532 1998 aut
549 1930 758 2017 praeditam
775 1950 855 1997 esse
872 1936 940 1997 aut
956 1930 1088 1997 saltem
1110 1928 1244 1997 donari

105 2074 200 2139 posse,
219 2062 261 2122 nt
276 2077 367 2123 cnm
387 2056 532 2124 Lockio
547 2062 587 2124 et
604 2056 761 2143 Spinoza
772 2055 931 2142 ¹qnidam
950 2053 1119 2123 moderni
1133 2047 1242 2123 ⁴Posi·

104 2180 231 2247 tiristae
247 2182 400 2266 volunt,
420 2180 756 2250 contradictionem
773 2180 949 2249 involvit.

630 2359 700 2409 ΧΠ.

141 2502 249 2568 Actus
274 2502 473 2589 cogitandi
504 2502 652 2570 animae
683 2502 869 2570 hnmanae
896 2500 1073 2589 proprius
1105 2500 1245 2569 evincit

108 2644 166 2691 non
181 2628 299 2694 solnm
326 2648 407 2695 eam
436 2627 721 2696 immaterialem
746 2647 836 2710 esse,
857 2626 1113 2695 verumetiam
1133 2626 1244 2713 spiri·

111 2752 242 2820 tnalem.

623 2862 710 2913 xm.

147 3004 237 3073 Hinc
263 3008 463 3091 cerebrum,
485 3006 657 3093 quamvis
676 3007 758 3094 ejus
784 3005 961 3074 activitas
978 3006 1166 3073 adactum
1185 3026 1241 3073 co·

113 3129 241 3214 gitandi
258 3132 564 3219 praereqniratnr
580 3138 623 3199 nt
639 3131 809 3199 conditio
825 3130 906 3207 sine
922 3150 999 3219 qua
1015 3150 1099 3214 non,
1117 3136 1243 3198 tamen

114 3277 214 3343 neqne
228 3259 377 3345 proprie
393 3258 443 3326 ad
454 3266 580 3327 actum
591 3257 784 3345 cogitandi
800 3257 1026 3325 eliciendum
1038 3258 1116 3324 ullo
1133 3258 1243 3325 modo

115 3384 289 3469 concurrit,
313 3404 434 3470 neque
453 3384 744 3452 instrumentum
771 3383 986 3451 intellectus
1009 3382 1087 3450 dici
1104 3390 1239 3469 potest,

115 3506 175 3573 nisi
192 3507 280 3577 torte
295 3529 408 3577 sensu
424 3509 551 3576 minus
567 3508 710 3577 stricto.

629 3686 712 3738 xlv.

155 3846 446 3913 immaterialius
472 3846 618 3914 animae
641 3866 716 3915 non
742 3846 868 3914 minus
894 3848 993 3914 clare
1017 3846 1179 3916 infertur
1194 3869 1242 3916 ex

118 3976 279 4050 potestate
305 3968 519 4039 reflectendi
545 3991 657 4057 super
680 3970 919 4057 semetipsam
944 3990 1056 4059 qnam
1085 3993 1133 4039 ex
1157 3992 1240 4040 con-

121 4092 250 4161 scientia
267 4095 327 4162 sni
344 4094 491 4163 reflexa.

633 4206 700 4256 xv.

159 4343 223 4412 lmo
248 4344 338 4414 haec
362 4346 587 4416 conscientia
612 4348 671 4415 sui
688 4346 827 4416 reflexa
843 4348 879 4414 vi
898 4348 1006 4436 cuius
1023 4348 1150 4416 anima
1166 4368 1241 4417 non

125 4469 220 4537 solnm
235 4471 317 4557 scit,
337 4492 460 4539 verum
480 4473 593 4541 etiam
610 4474 683 4541 scit
699 4494 737 4542 se
754 4474 848 4542 scire
864 4482 902 4543 et
918 4475 974 4543 ita
990 4477 1242 4563 apprehendit
