3125 5317
722 556 744 622 7

693 729 772 782 XVI.

176 826 367 912 Spectatis
406 831 753 898 fundamentalibus
798 829 995 915 principiis
1040 821 1334 894 Reformationis

127 935 283 1003 omnino
300 938 374 1003 sibi
391 938 564 1006 cohaeret
581 938 800 1005 Protestaus
814 938 948 1004 Winer
964 935 1151 1003 affirmans
1168 957 1175 998 :
1208 937 1231 969 “
1243 930 1331 996 Pro·

127 1044 392 1112 testantismus
410 1047 572 1132 seipsum
590 1048 808 1128 destrueret,
830 1046 862 1111 si
887 1045 1090 1112 Ecclesiam
1116 1043 1334 1128 agnosceret

128 1152 338 1219 secundum
356 1174 461 1221 suam
474 1155 674 1222 essentiam
691 1161 734 1221 ut
750 1159 943 1221 externam
961 1148 1281 1219 institutionem.”

202 1259 331 1326 compar.
346 1249 464 1324 actm.
478 1262 581 1314 mma.
597 1262 683 1322 mcv..
695 1265 712 1329 ς
725 1263 765 1314 19.

681 1379 776 1433 XVII.

176 1475 328 1545 Pariter
353 1478 426 1546 sibi
452 1487 626 1547 constant
652 1480 840 1547 Lutherus
857 1481 1013 1565 ejusque
1037 1483 1240 1544 sectatores
1264 1472 1332 1558 qui

128 1583 169 1649 in
196 1584 277 1652 illis
310 1587 544 1654 documentis
570 1589 609 1653 in
638 1588 774 1674 quibus
797 1593 952 1654 tuentur
976 1607 1083 1652 suum
1110 1587 1330 1667 conceptum

127 1691 338 1760 invisibilis
365 1695 563 1780 Ecclesiae,
584 1696 696 1762 etiam
724 1697 805 1782 ipso
835 1717 939 1764 sacro
965 1694 1114 1762 nomine
1143 1689 1332 1758 Ecclesiae

126 1810 332 1886 expuncto,
374 1824 506 1871 nomen
550 1805 746 1886 profanum
795 1804 1084 1871 communitatis
1119 1801 1331 1878 inducunt;

127 1909 260 1976 ablata
276 1911 463 1998 siquidem
477 1912 699 1979 visibilitate
715 1913 923 1979 necessario
941 1911 1113 1978 aufertur
1129 1912 1332 1993 conceptus

126 2017 251 2102 ipsius
270 2018 458 2086 Ecclesiae
476 2025 519 2086 ut
534 2021 574 2086 in
593 2020 796 2105 Scripturis
813 2019 1025 2087 exhibetur.

670 2160 779 2213 XVIII.

173 2260 314 2327 Iisdem
347 2263 498 2328 omnino
530 2262 652 2329 verbis
680 2262 818 2347 quibus
846 2261 1020 2330 Christus
1049 2259 1326 2327 institutionem

126 2367 319 2436 Ecclesiae
343 2390 433 2436 suae
458 2369 627 2436 visibilis
645 2368 869 2448 enuntiavit,
890 2369 987 2435 hanc
1012 2369 1179 2436 eamdem
1205 2367 1329 2433 Eccle-

125 2476 221 2544 siam
252 2478 460 2545 declaravit
485 2498 563 2545 esse
589 2479 797 2564 subjectum
815 2477 968 2544 unicum
995 2477 1042 2544 de
1067 2477 1236 2543 Ecclesia
1261 2495 1329 2541 sua

124 2585 430 2670 promissionum.

685 2693 764 2745 XIX.

173 2795 288 2861 Salva
304 2795 527 2861 visibilitate
543 2794 708 2879 corporis
718 2795 919 2879 Ecclesiae,
934 2796 1033 2861 sicut
1050 2796 1192 2879 singuli
1209 2795 1330 2880 aliqui

124 2909 288 2988 possunt
311 2903 432 2969 videri
458 2908 591 2969 esseet
608 2921 680 2968 non
698 2923 781 2968 vere
808 2923 929 2970 coram
957 2904 1037 2970 Deo
1062 2925 1141 2971 esse
1167 2904 1330 2970 membra

123 3010 328 3093 Ecclesiae,
349 3011 405 3077 ita
423 3010 585 3076 vicissim
611 3010 753 3096 singuli
778 3011 899 3097 aliqui
917 3033 1040 3079 coram
1067 3013 1147 3080 Deo
1174 3018 1332 3098 possunt

123 3095 215 3186 vere
228 3138 308 3186 esse
325 3126 363 3185 et
379 3137 501 3185 coram
518 3118 686 3186 Ecclesia
706 3119 896 3187 militante
920 3141 994 3187 non
1020 3121 1141 3188 videri
1166 3123 1332 3189 membra

68 3235 72 3240 '
123 3227 327 3295 Ecclesiae.

692 3333 757 3386 XX.

172 3436 216 3501 Iu
235 3455 349 3522 regno
372 3435 681 3501 sanctificationis
706 3455 780 3501 non
805 3436 834 3502 ii
861 3437 932 3504 soli
962 3439 1333 3523 comprehenduntur

127 3544 236 3630 “qui
253 3538 347 3631 justi
364 3550 403 3610 et
426 3543 546 3609 sancti
575 3550 618 3609 ut
643 3543 899 3630 justificentur
925 3547 1091 3630 adhuc,'’
1124 3549 1189 3615 sed
1216 3550 1331 3616 etiam

127 3659 152 3690 “
167 3652 234 3738 qui
252 3652 292 3717 in
309 3651 473 3736 peccatis
491 3657 579 3717 sunt
596 3657 639 3716 ut
661 3652 905 3720 remittantur
921 3655 1017 3722 eia.'’

192 3760 278 3824 apoc.
293 3758 404 3819 xxm,
419 3761 448 3810 11
461 3779 467 3818 ;
484 3758 546 3810 Joc.
566 3758 609 3818 V„
622 3761 662 3810 15.

684 3877 764 3932 XXI.

171 3978 333 4058 Quando
349 3978 476 4062 agitur
492 3977 538 4044 de
551 3977 832 4047 infallibilitate
849 3981 1040 4050 Ecclesiae
1052 3985 1091 4050 in
1106 3985 1333 4056 definiendis

122 4086 353 4154 veritatibus
371 4085 500 4152 nonin
518 4106 556 4152 se
573 4087 749 4154 revelatis
766 4090 831 4156 sed
850 4111 932 4157 cum
952 4093 1179 4162 veritatibus
1196 4100 1334 4165 revela-

122 4196 175 4262 tis
193 4193 386 4277 connexis,
407 4199 445 4261 et
461 4195 666 4278 generatim
685 4198 837 4282 quando
863 4201 1036 4285 quaestio
1054 4203 1097 4270 fit
1123 4205 1170 4272 de
1188 4207 1335 4294 objecto

123 4301 421 4369 infallibilitatis
453 4301 651 4385 Ecclesiae,
681 4304 780 4371 illud
807 4316 906 4376 certe
932 4314 1142 4382 necessario
1172 4337 1333 4402 suppon-

122 4411 266 4480 endum
282 4416 340 4477 est
359 4409 562 4476 Ecclesiam
580 4431 659 4478 esse
684 4412 929 4484 infallibilem
956 4419 997 4486 in
1022 4423 1169 4508 J'ndicio
1186 4425 1232 4492 dc
1249 4447 1335 4494 vero
