3125 5317
741 528 786 592 no

724 725 792 775 XsX’.

229 868 314 938 Lem
327 836 459 937 civilis
467 886 559 935 vem
567 866 813 952 moralisestr.
826 867 1087 954 quippetqaua
1097 886 1172 935 non
1193 884 1337 935 meram

182 994 420 1063 coactionem
430 993 623 1080 importat,
637 991 1175 1077 ssdobligaticnempmducit
1190 990 1230 1059 in
1248 1011 1337 1060 oon-

183 1119 536 1189 scientissimorum
554 1116 644 1185 Deo.

716 1277 800 1326 xxr.

228 1436 403 1507 Christus
429 1435 567 1502 missus
600 1454 622 1501 a
650 1433 763 1501 Patre
788 1433 827 1500 in
860 1433 1153 1520 redemptionem
1185 1433 1340 1522 generis

182 1561 351 1645 humani,
380 1579 515 1627 novam
537 1558 790 1628 oeconomiam
818 1557 1040 1646 religiosam·
1060 1559 1248 1645 fundavit,
1267 1581 1339 1629 no·

181 1707 346 1775 rumque
363 1692 509 1755 coetum
525 1685 743 1772 religiosum
760 1684 940 1753 instituit
950 1685 1016 1772 qui
1033 1692 1188 1754 vocator
1207 1685 1338 1755 necle·-

182 1813 250 1882 sia.

709 1920 807 1968 xxn.

218 2063 298 2132 ,Est
312 2063 353 2130 in
370 2062 536 2130 Ecclesia
552 2066 724 2148 potestas
747 2059 911 2148 propria,
933 2065 972 2129 et
996 2080 1019 2128 a
1043 2061 1148 2129 civili
1169 2062 1339 2130 auotori-

182 2195 261 2261 tate
278 2188 556 2275 independens„
566 2185 839 2273 legesierendi.

698 2399 815 2447 XXIII.

229 2542 309 2611 Hac
337 2541 493 2628 legifera
518 2546 705 2627 potestate
731 2540 946 2608 continetur
967 2540 1190 2627 “quidquid
1217 2542 1340 2609 estin

180 2668 291 2736 rebus
307 2666 484 2734 humanis
508 2685 659 2752 quoquo
679 2664 790 2733 modo
811 2684 956 2733 sacrum
975 2665 1052 2733 sive
1068 2666 1145 2733 tale
1162 2666 1263 2734 illud
1278 2667 1341 2735 sit

181 2799 319 2861 natura
335 2813 413 2877 sua,
429 2792 507 2859 sive
523 2810 653 2857 rursus
669 2792 745 2859 tale
762 2791 1000 2878 intelligatur
1009 2800 1164 2878 propter
1180 2812 1341 2859 causam

182 2919 231 2987 ad
250 2938 362 3006 quam
380 2916 581 2985 refertur.’'
597 2918 612 2967 1

699 3078 811 3127 XXIV.

228 3219 500 3291 contendimus
522 3218 715 3305 legiferam
742 3218 929 3287 Ecclesiae
954 3225 1187 3305 potestatem·
1205 3240 1243 3287 se
1266 3240 1338 3288 ex·

182 3347 335 3416 tendere
348 3363 424 3412 non
441 3345 560 3411 solnm
579 3344 627 3411 ad
644 3351 751 3411 actus
767 3352 954 3427 externos,
969 3352 1007 3411 et
1023 3345 1071 3412 ad
1089 3352 1196 3413 actus
1213 3346 1335 3414 inter-

183 3492 251 3545 nos
268 3490 351 3538 cnm
368 3469 536 3537 externis
552 3469 805 3537 essentialiter
821 3470 1052 3556 conjunctos,
1067 3470 1132 3538 sed
1148 3474 1262 3539 etiam
1280 3473 1339 3540 ad

182 3605 289 3667 actus
304 3618 403 3665 mere
420 3598 597 3665 internos.

711 3706 806 3754 xxv.

183 3866 378 3937 Romanus
409 3864 601 3946 Pontifex,
632 3865 667 3930 vi
700 3865 760 3931 sui
793 3863 991 3949 primatus,
1026 3864 1337 3952 jurisdictionem

182 3994 296 4060 habet
327 3991 490 4075 plenam,
523 3989 784 4075 episcopalem,
814 3989 1044 4058 ordinariam
1074 3999 1112 4059 et
1137 3992 1337 4061 Immedia-

181 4124 259 4184 tam
276 4116 317 4182 in
334 4121 452 4182 totam
470 4113 686 4196 Ecclesiam,
707 4115 910 4183 nonmodo
935 4115 1178 4185 distributive
1202 4124 1239 4185 et
1263 4138 1339 4204 per

181 4249 307 4329 partes
323 4239 519 4307 sedetiam
536 4239 728 4307 collective
745 4246 944 4325 sumptam.

495 4386 627 4391 —-
633 4386 942 4393 m..-—.—.--—.
958 4388 966 4392 .
994 4388 1003 4392 -
1009 4386 1334 4399 m-——nq

207 4453 216 4476 ¹
225 4450 272 4491 Im
279 4450 345 4499 XIII,
356 4450 414 4490 nne.
424 4448 565 4491 immortale
574 4447 626 4491 net
