3125 5317
741 507 746 518 ⁸
867 522 910 587 10

839 721 933 770 xxv.

363 861 580 943 “Quoniam
607 861 687 930 sine
703 862 776 930 fide
802 862 1036 948 impossibile
1052 869 1110 931 est
1133 864 1279 950 placere
1304 865 1394 942 Deo,
1420 841 1460 935 et

259 1023 262 1027 ·
311 988 360 1056 ad
385 988 548 1056 filiorum
581 989 664 1076 ejus
697 989 925 1056 consortium
957 989 1161 1073 pervenire,
1198 991 1283 1059 ideo
1315 992 1458 1059 nemini

310 1134 477 1200 unquam
494 1113 576 1181 sine
593 1114 661 1182 illa
679 1113 840 1200 contigit
862 1113 1097 1199 justificatio,
1119 1137 1185 1184 neo
1198 1117 1300 1184 ullus
1325 1117 1399 1185 nisi
1416 1119 1457 1185 in

310 1260 354 1308 ea
369 1239 662 1326 perseveraverit
677 1259 796 1325 usque
812 1241 853 1306 in
878 1239 999 1325 finem,
1020 1240 1136 1309 vitam
1155 1250 1343 1311 aeternam
1360 1264 1457 1312 asse-

311 1366 509 1452 quetur.’'1

827 1494 937 1543 xxvr.

355 1633 400 1700 In
430 1633 541 1702 Novo
573 1634 810 1703 Testamento
842 1635 1025 1703 disertum
1056 1643 1164 1704 extat
1195 1639 1456 1706 testimonium

309 1781 377 1846 pro
409 1759 659 1846 inspiratione
690 1761 871 1829 librorum
904 1763 1277 1848 protocanonioorum
1307 1763 1459 1833 Veteris

309 1885 548 1954 Testamenti.

817 2015 945 2063 xxvn.

354 2172 461 2240 Licet
472 2173 600 2258 plures
614 2172 703 2239 libri
716 2172 816 2241 Novi
827 2174 1055 2242 Testamenti
1069 2175 1109 2241 in
1127 2175 1280 2261 scriptis
1293 2178 1454 2261 Aposto-

306 2296 392 2364 licis
416 2303 596 2384 tanquam
622 2297 669 2365 ad
697 2297 930 2384 Scripturam
953 2299 1185 2385 pertinentes
1210 2301 1376 2387 adeoque
1400 2302 1455 2367 in-

308 2421 444 2508 spirati
456 2428 716 2508 memorentur,
731 2429 859 2491 tamen
875 2424 1077 2510 inspiratio
1087 2425 1207 2493 totius
1221 2425 1457 2493 collectionis

308 2547 459 2615 nonnisi
477 2548 682 2616 traditione
699 2549 947 2636 cognoscitur.

799 2803 946 2852 xxvrrr.

353 2961 462 3029 From
488 2962 552 3030 the
576 2962 801 3031 foundation
818 2962 858 3030 of
881 2961 1083 3048 Marylaud
1109 2963 1150 3029 in
1174 2968 1263 3030 1634
1287 2964 1338 3050 by
1356 2963 1459 3032 Lord

309 3071 515 3138 Baltimore
539 3071 718 3157 religious
751 3071 953 3139 toleration
978 3093 1053 3138 was
1078 3072 1277 3157 practised‚
1306 3073 1382 3140 and
1415 3074 1456 3140 in

309 3201 396 3264 1649
413 3217 488 3264 was
506 3197 658 3264 secured
676 3197 759 3280 bya
777 3198 873 3284 legal
891 3205 963 3281 act,
983 3197 1105 3264 which
1121 3218 1197 3264 was
1214 3198 1254 3264 in
1271 3198 1371 3266 force
1388 3219 1458 3266 un-

307 3323 353 3391 til
373 3323 436 3391 the
453 3323 661 3390 overthrow
677 3323 718 3391 of
733 3323 907 3392 Catholic
924 3324 1067 3391 control
1086 3323 1125 3389 in
1143 3324 1208 3391 the
1226 3325 1382 3411 Golony.

825 3587 936 3635 XXIX.

353 3746 493 3814 Verum
526 3745 719 3832 religionis
751 3751 981 3831 conceptum,
1009 3766 1117 3831 quem
1150 3747 1289 3814 nostris
1321 3746 1458 3815 diebus

307 3870 410 3938 vario
442 3872 552 3938 modo
575 3878 794 3956 pervertunt
820 3871 1016 3957 agnostici,
1042 3871 1281 3958 positivistae
1306 3879 1346 3940 et
1371 3873 1453 3957 alii,

305 3998 447 4084 optime
479 3997 667 4065 indicavit
707 3999 742 4064 S.
782 3997 961 4064 Thomas:
1008 3998 1182 4066 “Eodem
1216 4005 1303 4066 actu
1343 3998 1458 4067 homo

306 4123 422 4190 servit
446 4121 526 4190 Deo
550 4129 588 4190 et
619 4122 711 4189 colit
734 4123 869 4208 ipsum.
922 4123 1019 4190 Nam
1046 4115 1170 4191 cultus
1194 4123 1349 4209 respicit
1381 4123 1458 4191 Dei

304 4247 566 4316 excellentiam
592 4249 654 4314 cui
686 4248 893 4316 reverentia
916 4249 1083 4318 debetur.
1136 4249 1304 4316 Servitus
1328 4254 1458 4318 autem

345 4439 457 4496 ‘Oone
470 4439 551 4507 Vct,
565 4439 669 4495 Oonst.
682 4440 739 4494 Dei
750 4441 856 4508 Rittium,
870 4455 895 4495 o
909 4442 935 4495 3.
