3125 5317
828 644 871 732 id

268 859 305 922 et
331 855 539 923 universali
567 856 732 943 ejusdem
751 858 968 942 magisterio
988 858 1139 943 factam,
1160 880 1227 945 per
1242 859 1422 927 assisten-

268 983 360 1050 tiam
381 983 545 1068 Spiritus
563 982 689 1050 Sancti
708 1003 787 1050 esse
804 985 850 1050 ab
875 1005 997 1052 errore
1013 985 1249 1054 immuneml

788 1180 899 1227 XXHR

315 1318 887 1400 RomanusPoutiierr,0mnium
896 1321 1197 1389 Christianorum
1208 1322 1423 1408 pastoriset

270 1445 434 1512 doctoris
460 1464 611 1510 munere
628 1443 799 1531 fungens,
826 1452 883 1513 cst
899 1446 1118 1513 infallibilis
1135 1447 1174 1513 in
1192 1447 1419 1514 declaranda

266 1569 493 1640 orthodoxia
510 1569 567 1636 vel
585 1570 833 1638 hetorodoxia
849 1578 1022 1640 textuum
1042 1572 1229 1640 humanae
1244 1573 1415 1658 originis

797 1749 892 1796 XXV.

314 1889 546 1957 'Proditionis
578 1890 852 1957 ecclesiasticae
883 1899 1134 1975 monumenta,
1179 1892 1421 1977 potissimum

270 2037 354 2083 vero
381 2016 522 2101 scripta
548 2023 759 2083 sanctorum
789 2017 957 2099 Petrum,
990 2025 1129 2084 certum
1159 2024 1419 2103 argumentum

270 2143 423 2211 divinae
448 2143 667 2210 traditionis
692 2144 950 2229 suppeditant,
972 2151 1158 2232 quatenus
1174 2167 1221 2211 ex
1239 2145 1319 2211 iliis
1336 2166 1420 2211 cou-

270 2289 399 2336 sensus
426 2269 623 2336 custodum
649 2269 812 2354 depositi
841 2270 880 2335 in
906 2271 1060 2357 aliquod
1087 2280 1201 2358 caput
1227 2272 1424 2339 doctrinae

269 2401 460 2482 tamquam
490 2396 681 2480 pertinens
708 2395 756 2462 ad
781 2396 891 2462 iidem
917 2396 1170 2465 Christianam
1196 2399 1255 2465 vel
1282 2399 1425 2466 directe

270 2520 326 2588 vel
345 2520 526 2588 indirecte
544 2521 834 2587 demonstratur.

791 2701 907 2748 XXVL

317 2857 515 2924 Unanimis
531 2865 569 2924 et
585 2864 760 2925 constans
789 2858 1046 2944 theologorum
1066 2859 1214 2925 scholae
1231 2859 1421 2926 sententia

271 2985 317 3050 dc
334 2985 464 3071 aliqua
481 2984 652 3051 doctrina
678 2991 870 3070 tamquam
889 2984 935 3050 ad
954 2984 1064 3050 fidem
1083 2985 1315 3053 Catholicam
1340 2995 1421 3071 per-

271 3111 415 3177 tinente
441 3110 596 3176 exhibet
624 3110 786 3177 mediate
812 3110 932 3195 ipsam
960 3111 1260 3178 testificationem
1279 3081 1422 3178 sncces-

272 3236 389 3302 sionis
401 3235 651 3321 Apostolicae‚
667 3241 780 3321 atque
798 3236 852 3302 ita
870 3237 1081 3322 legitimum
1094 3244 1151 3304 est
1161 3239 1422 3306 testimonium

274 3360 436 3427 Divinae
452 3359 682 3427 traditionis,
829 3447 834 3456 .

788 3471 914 3518 xxvn.

317 3611 519 3679 Evidenter
545 3611 716 3698 sequitur
741 3633 789 3678 ex
816 3611 1018 3698 principiis
1051 3613 1269 3681 traditionis
1301 3615 1424 3682 totius

272 3739 403 3825 populi
431 3738 637 3806 Christiani
666 3737 893 3805 catholicum
924 3759 1073 3806 sensum
1090 3747 1128 3806 et
1145 3760 1362 3807 consensum
1380 3741 1423 3807 in

273 3865 447 3950 dogmate
472 3862 558 3929 fidei
585 3863 724 3930 censeri
741 3864 874 3930 debere
893 3884 1008 3931 unum
1026 3886 1073 3930 ex
1090 3865 1253 3932 criteriis
1269 3866 1425 3934 divinae

211 4009 213 4016 ’
273 3989 503 4058 traditionis.

778 4099 923 4148 xxvur.

319 4260 538 4328 Auctoritas
548 4241 700 4344 Divina,
716 4281 813 4348 quae
826 4261 948 4328 Sacris
961 4261 1166 4348 Scripturis
1177 4261 1366 4347 competit,
1383 4260 1424 4329 in

272 4407 315 4454 eo
327 4386 521 4472 reperitur,
533 4387 634 4473 quod
647 4393 735 4455 sunt
751 4387 864 4454 “libri
876 4388 973 4455 Dei”
986 4395 1024 4454 et
1036 4389 1163 4455 “Deus
1173 4395 1231 4456 est
1240 4389 1423 4457 librorum

273 4517 468 4524 --——-—
493 4519 506 4523 -
563 4519 576 4522 -
597 4519 701 4523 ———·1-—
719 4518 867 4524 -—--—---
887 4517 1148 4525 -—--—--—--c--
1178 4517 1421 4528 -m-u-—n--m-

309 4567 408 4618 'Cone¹
424 4566 490 4619 Vat.
507 4567 606 4618 Const.
621 4564 683 4617 Dei
690 4565 795 4627 Filius,
809 4580 833 4617 c.
846 4565 888 4619 iii.
