3125 5317
643 741 1282 858 THESES.

943 998 989 1052 1.

0 1101 319 1188 zparatio
366 1101 660 1189 generis
712 1100 1025 1168 humani
1080 1102 1300 1187 lapsi,
1353 1122 1823 1190 quocumque
1886 1104 2110 1172 modu

0 1209 227 1278 nedio
260 1230 425 1277 eam
475 1209 684 1277 Deus
732 1209 1011 1277 efficere
1060 1209 1404 1293 voluerit,
1446 1231 1637 1296 opus
1670 1211 1825 1279 fult
1881 1211 2113 1279 liber-

0 1339 37 1385 e
85 1320 255 1405 ejus
303 1317 882 1402 misericordiae,
924 1317 1242 1404 ideoque
1289 1319 1504 1385 nulla
1550 1318 1706 1386 fuit
1737 1318 1898 1387 Deo
1946 1339 2110 1388 eam

0 1425 248 1494 ciendi
280 1425 711 1493 necessitas,

922 1566 998 1620 11.

4 1669 314 1755 pposita
360 1669 505 1736 Dei
552 1669 943 1736 voluntate
988 1688 1223 1756 genus
1272 1668 1687 1737 humanum
1719 1690 1763 1737 a
1798 1675 2110 1755 peccatu

0 1778 206 1861 andi,
246 1776 666 1845 necessaria
697 1776 852 1844 dici
884 1777 1150 1863 nequit
1174 1776 1408 1846 Verbi
1443 1777 1896 1862 Incarnatio,
1940 1797 2110 1845 cum

11 1886 262 1953 modis
294 1887 617 1953 salutem
642 1885 905 1952 afferre
937 1885 1144 1952 Deus
1176 1905 1311 1970 pro
1337 1885 1639 1953 infinita
1671 1906 1811 1953 sua
1842 1892 2110 1972 poten-

0 2015 35 2062 ο
69 1993 451 2080 sapientia
482 1993 878 2080 potuisset.

902 2134 1010 2187 111.

0 2235 257 2304 tamvis
282 2257 454 2303 vero
485 2235 663 2303 aliis
687 2236 932 2303 modis
962 2236 1169 2303 Deus
1193 2236 1512 2303 liberare
1539 2256 1674 2303 nos
1700 2236 2102 2321 potuisset,

0 2345 64 2412 ri
83 2351 362 2412 tamem
381 2344 648 2431 nequit
672 2344 978 2410 modum
997 2364 1145 2430 quo
1159 2343 1394 2413 Verbi
1420 2343 1949 2411 Incarnatione
1970 2363 2110 2412 nos

0 2453 140 2537 nit,
184 2473 343 2520 esse
377 2451 1186 2520 convenientissimum.

913 2594 1014 2647 IV.

12 2697 424 2784 hypothesi
460 2701 734 2779 autem,
776 2696 978 2783 quod
1029 2716 1166 2780 pro
1198 2701 1504 2781 peccato
1537 2695 1852 2763 humani
1885 2715 2106 2783 gene-

0 2806 220 2874 ·ivina
274 2806 324 2874 J
329 2804 598 2873 ustitia
642 2804 1239 2873 satisfactionem
1265 2805 1686 2890 postularet
1717 2805 2102 2891 adaequa-

17 2915 342 3002 ideoque
373 2914 762 2982 hominum
794 2912 1315 2981 liberationem
1348 2933 1496 2980 non
1531 2914 1760 2981 vellet
1792 2913 1941 2980 nisi
1971 2933 2106 2999 per

0 3023 391 3109 nptionem
423 3022 723 3108 proprie
755 3020 1059 3105 dictam,
1102 3021 1533 3088 Incarnatio
1566 3021 1891 3088 Divinae
1927 3021 2102 3089 Per-

0 3153 25 3200 3
55 3132 365 3198 unicum
399 3130 555 3198 fuit
584 3129 963 3211 medium3
1013 3129 1213 3196 unde
1238 3128 1379 3196 hoc
1413 3149 1635 3196 sensu
1668 3129 2102 3200 Incarnatiu

0 3241 214 3310 lebet
245 3238 686 3307 necessaria.

916 3379 986 3432 V.

0 3503 48 3551 o
79 3482 191 3549 sic
216 3482 658 3549 decernente
677 3479 1027 3549 Christus
1047 3479 1456 3547 secundum
1483 3500 1781 3547 carnem
1814 3479 2098 3548 idcirco

0 3611 192 3658 mere
223 3596 480 3658 nostro
511 3594 647 3674 est,
676 3593 766 3656 ut
793 3595 1156 3675 tanquam
1183 3592 1415 3673 caput
1443 3588 1859 3676 juridicum
1878 3608 2098 3675 gene-

0 3719 263 3767 ausam
313 3698 721 3765 humanam
766 3696 849 3763 in
898 3716 976 3764 se
1026 3695 1440 3782 susciperet
1500 3696 1810 3783 Deoque
1876 3696 2094 3764 Patri

0 3806 391 3875 [actionem
440 3805 768 3894 injuriae
799 3825 932 3891 per
984 3809 1375 3890 peccatum
1425 3804 1689 3874 illatae
1741 3805 2102 3891 aequiva-

0 3936 72 3982 m
116 3914 530 3982 exhiberet.

899 4052 1000 4108 VI.

0 4157 95 4225 {st
125 4161 379 4224 autem
411 4155 855 4225 conveniens
888 4154 1410 4224 satisfaciendi
1441 4176 1578 4242 pro
1626 4155 1779 4224 alio
1818 4155 2086 4224 modus

0 4287 26 4332 1
52 4264 333 4352 aliquis
358 4285 435 4332 se
466 4264 779 4352 subjicit
810 4284 1114 4350 poenae,
1156 4284 1383 4351 quam
1416 4263 1616 4332 alius
1649 4263 1963 4332 meruit:
2017 4268 2094 4332 et

0 4372 349 4442 Christus
378 4372 569 4440 mori
600 4371 865 4457 voluit,
907 4376 996 4439 ut
1027 4372 1413 4440 moriendo
1455 4392 1592 4458 pro
1626 4371 1842 4440 nobis
1876 4371 2094 4440 satis*

1 4481 157 4550 et.”
179 4482 205 4525 ¹

0 4624 268 4686 Thomas,
295 4624 328 4676 3
345 4639 399 4691 q.
419 4624 504 4688 50,
530 4639 578 4679 a.
604 4625 631 4676 1
659 4638 707 4677 c.
