<?xml version="1.0" encoding="UTF-8"?>
<!DOCTYPE html PUBLIC "-//W3C//DTD XHTML 1.0 Transitional//EN"
    "http://www.w3.org/TR/xhtml1/DTD/xhtml1-transitional.dtd">
<html xmlns="http://www.w3.org/1999/xhtml" xml:lang="en" lang="en">
 <head>
  <title>
</title>
<meta http-equiv="Content-Type" content="text/html;charset=utf-8" />
  <meta name='ocr-system' content='tesseract 3.04.00' />
  <meta name='ocr-capabilities' content='ocr_page ocr_carea ocr_par ocr_line ocrx_word'/>
</head>
<body>
  <div class='ocr_page' id='page_1' title='image "./thesesadlicenti00amergoog_0073.png"; bbox 0 0 3125 5317; ppageno 0'>
   <div class='ocr_carea' id='block_1_1' title="bbox 532 1799 851 1914">
    <p class='ocr_par' dir='ltr' id='par_1_1' title="bbox 532 1799 851 1914">
     <span class='ocr_line' id='line_1_1' title="bbox 532 1799 851 1914; baseline 0 0"><span class='ocrx_word' id='word_1_1' title='bbox 532 1799 851 1914; x_wconf 83' lang='lat' dir='ltr'>THESES.</span> 
     </span>
    </p>
   </div>
   <div class='ocr_carea' id='block_1_2' title="bbox 674 2111 702 2160">
    <p class='ocr_par' dir='ltr' id='par_1_2' title="bbox 674 2111 702 2160">
     <span class='ocr_line' id='line_1_2' title="bbox 674 2111 702 2160; baseline 0.036 -1"><span class='ocrx_word' id='word_1_2' title='bbox 674 2111 702 2160; x_wconf 90' lang='lat'>1.</span> 
     </span>
    </p>
   </div>
   <div class='ocr_carea' id='block_1_3' title="bbox 117 2246 1266 2593">
    <p class='ocr_par' dir='ltr' id='par_1_3' title="bbox 117 2246 1266 2593">
     <span class='ocr_line' id='line_1_3' title="bbox 162 2246 1263 2322; baseline -0.004 0"><span class='ocrx_word' id='word_1_3' title='bbox 162 2254 374 2322; x_wconf 82' lang='lat' dir='ltr'>Existentia</span> <span class='ocrx_word' id='word_1_4' title='bbox 388 2253 460 2321; x_wconf 90' lang='lat' dir='ltr'>Dei</span> <span class='ocrx_word' id='word_1_5' title='bbox 473 2273 547 2320; x_wconf 91' lang='lat' dir='ltr'>non</span> <span class='ocrx_word' id='word_1_6' title='bbox 558 2254 677 2319; x_wconf 89' lang='lat' dir='ltr'>solum</span> <span class='ocrx_word' id='word_1_7' title='bbox 691 2252 835 2319; x_wconf 91' lang='lat' dir='ltr'>lumine</span> <span class='ocrx_word' id='word_1_8' title='bbox 844 2251 1005 2320; x_wconf 88' lang='lat' dir='ltr'>rationis</span> <span class='ocrx_word' id='word_1_9' title='bbox 1015 2246 1263 2321; x_wconf 88' lang='lat' dir='ltr'>demonstrari</span> 
     </span>
     <span class='ocr_line' id='line_1_4' title="bbox 118 2376 1266 2467; baseline -0.004 -19"><span class='ocrx_word' id='word_1_10' title='bbox 118 2386 245 2467; x_wconf 84' lang='lat' dir='ltr'>potest,</span> <span class='ocrx_word' id='word_1_11' title='bbox 267 2381 331 2447; x_wconf 89' lang='lat' dir='ltr'>sed</span> <span class='ocrx_word' id='word_1_12' title='bbox 358 2380 474 2447; x_wconf 82' lang='lat' dir='ltr'>etiam</span> <span class='ocrx_word' id='word_1_13' title='bbox 502 2378 665 2445; x_wconf 84' lang='lat' dir='ltr'>revelato</span> <span class='ocrx_word' id='word_1_14' title='bbox 688 2378 799 2445; x_wconf 87' lang='lat' dir='ltr'>verbo</span> <span class='ocrx_word' id='word_1_15' title='bbox 816 2376 886 2445; x_wconf 91' lang='lat' dir='ltr'>Dei</span> <span class='ocrx_word' id='word_1_16' title='bbox 904 2378 1085 2464; x_wconf 77' lang='lat' dir='ltr'>explicite</span> <span class='ocrx_word' id='word_1_17' title='bbox 1110 2378 1266 2446; x_wconf 83' lang='lat' dir='ltr'>docetur</span> 
     </span>
     <span class='ocr_line' id='line_1_5' title="bbox 117 2502 984 2593; baseline -0.002 -20"><span class='ocrx_word' id='word_1_18' title='bbox 117 2528 154 2573; x_wconf 83' lang='lat' dir='ltr'>ac</span> <span class='ocrx_word' id='word_1_19' title='bbox 168 2505 328 2593; x_wconf 84' lang='lat' dir='ltr'>proinde</span> <span class='ocrx_word' id='word_1_20' title='bbox 344 2504 461 2571; x_wconf 85' lang='lat' dir='ltr'>etiam</span> <span class='ocrx_word' id='word_1_21' title='bbox 479 2503 550 2570; x_wconf 87' lang='lat' dir='ltr'>lide</span> <span class='ocrx_word' id='word_1_22' title='bbox 567 2502 698 2571; x_wconf 86' lang='lat' dir='ltr'>divina</span> <span class='ocrx_word' id='word_1_23' title='bbox 714 2508 772 2571; x_wconf 88' lang='lat' dir='ltr'>est</span> <span class='ocrx_word' id='word_1_24' title='bbox 788 2503 984 2571; x_wconf 88' lang='lat' dir='ltr'>credenda.</span> 
     </span>
    </p>
   </div>
   <div class='ocr_carea' id='block_1_4' title="bbox 112 2654 1262 3401">
    <p class='ocr_par' dir='ltr' id='par_1_4' title="bbox 663 2654 720 2733">
     <span class='ocr_line' id='line_1_6' title="bbox 663 2654 720 2733; baseline 0.035 -2"><span class='ocrx_word' id='word_1_25' title='bbox 663 2654 720 2733; x_wconf 57' lang='lat'>11(</span> 
     </span>
    </p>

    <p class='ocr_par' dir='ltr' id='par_1_5' title="bbox 112 2825 1262 3167">
     <span class='ocr_line' id='line_1_7' title="bbox 154 2825 1262 2913; baseline -0.004 -16"><span class='ocrx_word' id='word_1_26' title='bbox 154 2828 373 2897; x_wconf 85' lang='lat' dir='ltr'>Existentia</span> <span class='ocrx_word' id='word_1_27' title='bbox 390 2826 561 2913; x_wconf 81' lang='lat' dir='ltr'>Supremi</span> <span class='ocrx_word' id='word_1_28' title='bbox 580 2826 759 2893; x_wconf 86' lang='lat' dir='ltr'>Numinis</span> <span class='ocrx_word' id='word_1_29' title='bbox 784 2846 832 2892; x_wconf 83' lang='lat' dir='ltr'>ex</span> <span class='ocrx_word' id='word_1_30' title='bbox 856 2825 1116 2912; x_wconf 81' lang='lat' dir='ltr'>contingentia</span> <span class='ocrx_word' id='word_1_31' title='bbox 1139 2846 1262 2893; x_wconf 91' lang='lat' dir='ltr'>rerum</span> 
     </span>
     <span class='ocr_line' id='line_1_8' title="bbox 112 2950 1261 3039; baseline -0.003 -16"><span class='ocrx_word' id='word_1_32' title='bbox 112 2956 385 3023; x_wconf 86' lang='lat' dir='ltr'>mundanarum</span> <span class='ocrx_word' id='word_1_33' title='bbox 399 2953 468 3021; x_wconf 90' lang='lat' dir='ltr'>sub</span> <span class='ocrx_word' id='word_1_34' title='bbox 481 2961 662 3039; x_wconf 85' lang='lat' dir='ltr'>conceptu</span> <span class='ocrx_word' id='word_1_35' title='bbox 672 2950 772 3021; x_wconf 85' lang='lat' dir='ltr'>ent-is</span> <span class='ocrx_word' id='word_1_36' title='bbox 788 2952 1002 3035; x_wconf 87' lang='lat' dir='ltr'>necessarii,</span> <span class='ocrx_word' id='word_1_37' title='bbox 1023 2974 1087 3020; x_wconf 86' lang='lat' dir='ltr'>seu</span> <span class='ocrx_word' id='word_1_38' title='bbox 1101 2974 1124 3020; x_wconf 88' lang='lat' dir='ltr'>a</span> <span class='ocrx_word' id='word_1_39' title='bbox 1141 2973 1189 3036; x_wconf 88' lang='lat' dir='ltr'>se,</span> <span class='ocrx_word' id='word_1_40' title='bbox 1207 2952 1261 3020; x_wconf 91' lang='lat' dir='ltr'>in-</span> 
     </span>
     <span class='ocr_line' id='line_1_9' title="bbox 117 3080 424 3167; baseline -0.01 -19"><span class='ocrx_word' id='word_1_41' title='bbox 117 3082 215 3149; x_wconf 77' lang='lat' dir='ltr'>vict-e</span> <span class='ocrx_word' id='word_1_42' title='bbox 230 3080 424 3167; x_wconf 87' lang='lat' dir='ltr'>probatur.</span> 
     </span>
    </p>

    <p class='ocr_par' dir='ltr' id='par_1_6' title="bbox 151 3188 1258 3401">
     <span class='ocr_line' id='line_1_10' title="bbox 654 3188 715 3236; baseline 0 0"><span class='ocrx_word' id='word_1_43' title='bbox 654 3188 715 3236; x_wconf 91' lang='lat'><em>111.</em></span> 
     </span>
     <span class='ocr_line' id='line_1_11' title="bbox 151 3328 1258 3401; baseline -0.005 0"><span class='ocrx_word' id='word_1_44' title='bbox 151 3332 293 3401; x_wconf 81' lang='lat' dir='ltr'>Eadem</span> <span class='ocrx_word' id='word_1_45' title='bbox 310 3331 450 3397; x_wconf 88' lang='lat' dir='ltr'>veritas</span> <span class='ocrx_word' id='word_1_46' title='bbox 462 3328 664 3397; x_wconf 84' lang='lat' dir='ltr'>deducitur</span> <span class='ocrx_word' id='word_1_47' title='bbox 679 3351 728 3397; x_wconf 83' lang='lat' dir='ltr'>ex</span> <span class='ocrx_word' id='word_1_48' title='bbox 743 3330 876 3398; x_wconf 89' lang='lat' dir='ltr'>ordine</span> <span class='ocrx_word' id='word_1_49' title='bbox 893 3350 1090 3399; x_wconf 85' lang='lat' dir='ltr'>causarum</span> <span class='ocrx_word' id='word_1_50' title='bbox 1102 3329 1258 3396; x_wconf 86' lang='lat' dir='ltr'>efficien-</span> 
     </span>
    </p>
   </div>
   <div class='ocr_carea' id='block_1_5' title="bbox 111 3454 1262 3545">
    <p class='ocr_par' dir='ltr' id='par_1_7' title="bbox 111 3454 1262 3545">
     <span class='ocr_line' id='line_1_12' title="bbox 111 3454 1262 3545; baseline -0.003 -19"><span class='ocrx_word' id='word_1_51' title='bbox 111 3460 220 3543; x_wconf 87' lang='lat' dir='ltr'>tium,</span> <span class='ocrx_word' id='word_1_52' title='bbox 247 3478 344 3545; x_wconf 88' lang='lat' dir='ltr'>quae</span> <span class='ocrx_word' id='word_1_53' title='bbox 369 3461 587 3543; x_wconf 86' lang='lat' dir='ltr'>supponunt</span> <span class='ocrx_word' id='word_1_54' title='bbox 611 3456 856 3524; x_wconf 85' lang='lat' dir='ltr'>existentiam</span> <span class='ocrx_word' id='word_1_55' title='bbox 882 3477 1015 3524; x_wconf 86' lang='lat' dir='ltr'>causae</span> <span class='ocrx_word' id='word_1_56' title='bbox 1039 3456 1182 3543; x_wconf 87' lang='lat' dir='ltr'>primae</span> <span class='ocrx_word' id='word_1_57' title='bbox 1206 3454 1262 3522; x_wconf 92' lang='lat' dir='ltr'>in·</span> 
     </span>
    </p>
   </div>
   <div class='ocr_carea' id='block_1_6' title="bbox 113 3591 713 3740">
    <p class='ocr_par' dir='ltr' id='par_1_8' title="bbox 113 3591 713 3740">
     <span class='ocr_line' id='line_1_13' title="bbox 113 3591 299 3652; baseline 0.005 -1"><span class='ocrx_word' id='word_1_58' title='bbox 113 3591 299 3652; x_wconf 81' lang='lat' dir='ltr'>causatae.</span> 
     </span>
     <span class='ocr_line' id='line_1_14' title="bbox 659 3690 713 3740; baseline 0 0"><span class='ocrx_word' id='word_1_59' title='bbox 659 3690 713 3740; x_wconf 79' lang='lat' dir='ltr'>tv.</span> 
     </span>
    </p>
   </div>
   <div class='ocr_carea' id='block_1_7' title="bbox 112 3832 1262 4550">
    <p class='ocr_par' dir='ltr' id='par_1_9' title="bbox 112 3832 1262 4550">
     <span class='ocr_line' id='line_1_15' title="bbox 154 3832 1260 3922; baseline -0.003 -20"><span class='ocrx_word' id='word_1_60' title='bbox 154 3838 429 3922; x_wconf 81' lang='lat' dir='ltr'>Argumentum</span> <span class='ocrx_word' id='word_1_61' title='bbox 447 3854 495 3901; x_wconf 87' lang='lat' dir='ltr'>ex</span> <span class='ocrx_word' id='word_1_62' title='bbox 511 3839 615 3901; x_wconf 89' lang='lat' dir='ltr'>motu</span> <span class='ocrx_word' id='word_1_63' title='bbox 631 3832 795 3919; x_wconf 89' lang='lat' dir='ltr'>petitum</span> <span class='ocrx_word' id='word_1_64' title='bbox 813 3832 907 3900; x_wconf 84' lang='lat' dir='ltr'>satis</span> <span class='ocrx_word' id='word_1_65' title='bbox 923 3833 1054 3901; x_wconf 86' lang='lat' dir='ltr'>efficax</span> <span class='ocrx_word' id='word_1_66' title='bbox 1073 3838 1130 3900; x_wconf 81' lang='lat' dir='ltr'>est</span> <span class='ocrx_word' id='word_1_67' title='bbox 1155 3833 1260 3901; x_wconf 91' lang='lat' dir='ltr'>dum-</span> 
     </span>
     <span class='ocr_line' id='line_1_16' title="bbox 112 3958 1262 4046; baseline -0.001 -19"><span class='ocrx_word' id='word_1_68' title='bbox 112 3962 225 4029; x_wconf 89' lang='lat' dir='ltr'>modo</span> <span class='ocrx_word' id='word_1_69' title='bbox 240 3982 311 4028; x_wconf 81' lang='lat' dir='ltr'>vox</span> <span class='ocrx_word' id='word_1_70' title='bbox 332 3960 525 4027; x_wconf 85' lang='lat' dir='ltr'>“motus&#39;&#39;</span> <span class='ocrx_word' id='word_1_71' title='bbox 547 3959 675 4027; x_wconf 86' lang='lat' dir='ltr'>latiori</span> <span class='ocrx_word' id='word_1_72' title='bbox 700 3978 811 4025; x_wconf 88' lang='lat' dir='ltr'>sensu</span> <span class='ocrx_word' id='word_1_73' title='bbox 835 3958 1055 4045; x_wconf 78' lang='lat' dir='ltr'>accipiatur,</span> <span class='ocrx_word' id='word_1_74' title='bbox 1076 3965 1262 4046; x_wconf 88' lang='lat' dir='ltr'>quatenus</span> 
     </span>
     <span class='ocr_line' id='line_1_17' title="bbox 113 4082 1262 4170; baseline 0.002 -19"><span class='ocrx_word' id='word_1_75' title='bbox 113 4085 258 4152; x_wconf 84' lang='lat' dir='ltr'>scilicet</span> <span class='ocrx_word' id='word_1_76' title='bbox 289 4082 550 4170; x_wconf 82' lang='lat' dir='ltr'>complectitur</span> <span class='ocrx_word' id='word_1_77' title='bbox 582 4105 656 4153; x_wconf 92' lang='lat' dir='ltr'>non</span> <span class='ocrx_word' id='word_1_78' title='bbox 689 4090 837 4152; x_wconf 87' lang='lat' dir='ltr'>tantum</span> <span class='ocrx_word' id='word_1_79' title='bbox 871 4090 994 4151; x_wconf 89' lang='lat' dir='ltr'>motus</span> <span class='ocrx_word' id='word_1_80' title='bbox 1020 4085 1166 4168; x_wconf 86' lang='lat' dir='ltr'>locales,</span> <span class='ocrx_word' id='word_1_81' title='bbox 1196 4086 1262 4153; x_wconf 82' lang='lat' dir='ltr'>sed</span> 
     </span>
     <span class='ocr_line' id='line_1_18' title="bbox 113 4197 1259 4298; baseline 0.001 -22"><span class='ocrx_word' id='word_1_82' title='bbox 113 4210 231 4277; x_wconf 84' lang='lat' dir='ltr'>etiam</span> <span class='ocrx_word' id='word_1_83' title='bbox 254 4220 289 4279; x_wconf 85' lang='lat' dir='ltr'>et</span> <span class='ocrx_word' id='word_1_84' title='bbox 317 4211 516 4298; x_wconf 86' lang='lat' dir='ltr'>praecipue</span> <span class='ocrx_word' id='word_1_85' title='bbox 542 4211 772 4278; x_wconf 87' lang='lat' dir='ltr'>mutationes</span> <span class='ocrx_word' id='word_1_86' title='bbox 798 4229 1042 4297; x_wconf 88' lang='lat' dir='ltr'>quascunque</span> <span class='ocrx_word' id='word_1_87' title='bbox 1072 4210 1151 4278; x_wconf 86' lang='lat' dir='ltr'>sive</span> <span class='ocrx_word' id='word_1_88' title='bbox 1173 4197 1259 4278; x_wconf 81' lang='lat' dir='ltr'>¹cor·</span> 
     </span>
     <span class='ocr_line' id='line_1_19' title="bbox 118 4336 1262 4423; baseline 0 -20"><span class='ocrx_word' id='word_1_89' title='bbox 118 4338 263 4419; x_wconf 85' lang='lat' dir='ltr'>porales</span> <span class='ocrx_word' id='word_1_90' title='bbox 287 4337 367 4404; x_wconf 89' lang='lat' dir='ltr'>sive</span> <span class='ocrx_word' id='word_1_91' title='bbox 394 4336 621 4423; x_wconf 83' lang='lat' dir='ltr'>spirituales.</span> <span class='ocrx_word' id='word_1_92' title='bbox 674 4337 733 4405; x_wconf 86' lang='lat' dir='ltr'>Ex</span> <span class='ocrx_word' id='word_1_93' title='bbox 760 4336 822 4405; x_wconf 91' lang='lat' dir='ltr'>his</span> <span class='ocrx_word' id='word_1_94' title='bbox 849 4342 973 4405; x_wconf 87' lang='lat' dir='ltr'>autem</span> <span class='ocrx_word' id='word_1_95' title='bbox 1000 4337 1073 4405; x_wconf 86' lang='lat' dir='ltr'>rite</span> <span class='ocrx_word' id='word_1_96' title='bbox 1100 4337 1262 4405; x_wconf 87' lang='lat' dir='ltr'>infertur</span> 
     </span>
     <span class='ocr_line' id='line_1_20' title="bbox 117 4462 1256 4550; baseline 0.004 -23"><span class='ocrx_word' id='word_1_97' title='bbox 117 4462 320 4531; x_wconf 85' lang='lat' dir='ltr'>existentia</span> <span class='ocrx_word' id='word_1_98' title='bbox 343 4463 498 4532; x_wconf 88' lang='lat' dir='ltr'>motoris</span> <span class='ocrx_word' id='word_1_99' title='bbox 521 4464 736 4548; x_wconf 88' lang='lat' dir='ltr'>immobilis,</span> <span class='ocrx_word' id='word_1_100' title='bbox 757 4467 784 4531; x_wconf 82' lang='lat' dir='ltr'>i.</span> <span class='ocrx_word' id='word_1_101' title='bbox 806 4484 849 4550; x_wconf 79' lang='lat' dir='ltr'>a,</span> <span class='ocrx_word' id='word_1_102' title='bbox 870 4464 970 4533; x_wconf 86' lang='lat' dir='ltr'>entis</span> <span class='ocrx_word' id='word_1_103' title='bbox 995 4463 1256 4532; x_wconf 85' lang='lat' dir='ltr'>immutabilis.</span> 
     </span>
    </p>
   </div>
   <div class='ocr_carea' id='block_1_8' title="bbox 0 0 1571 5317">
    <p class='ocr_par' dir='ltr' id='par_1_10' title="bbox 0 0 1571 5317">
     <span class='ocr_line' id='line_1_21' title="bbox 0 0 1571 5317; baseline 0 0"><span class='ocrx_word' id='word_1_104' title='bbox 0 0 1571 5317; x_wconf 95' lang='lat' dir='ltr'> </span> 
     </span>
    </p>
   </div>
  </div>
 </body>
</html>
