3125 5317
820 473 841 536 6

789 643 868 697 VIII.

278 737 452 809 Essentia
468 742 600 810 divina
617 743 791 812 consistit
807 745 846 810 in
865 751 951 812 actu
970 765 1062 832 puro
1078 743 1246 825 essendi3
1271 741 1432 826 ideoque

233 845 335 915 Deus
363 858 420 917 est
448 853 598 921 omniuo
630 853 802 938 simplex,
835 853 1079 940 singulariter
1107 873 1204 919 unus
1221 857 1259 918 et
1275 869 1358 918 vere
1374 849 1430 913 in·

231 955 382 1040 finitus3
423 959 618 1045 aptissime
649 960 767 1048 igitur
800 982 931 1029 nomen
965 962 1114 1030 Jahveh
1153 959 1355 1028 exhibetur
1390 955 1430 1021 in

234 1064 438 1152 Scripturis
455 1075 636 1156 tanquam
662 1091 795 1138 nomeu
822 1069 902 1138 Deo
918 1071 1081 1139 maxime
1105 1069 1310 1158 proprium,
1330 1071 1368 1132 et
1385 1085 1431 1132 ne

232 1175 425 1262 analogice
442 1178 594 1264 quidem
611 1180 793 1246 creaturis
810 1180 1129 1248 communicabile.

692 1351 699 1366 ’
806 1337 858 1390 ΙΧ.

278 1435 424 1524 Dogma
454 1437 514 1505 SS.
536 1438 734 1506 Trinitatis
762 1441 871 1526 cujus
892 1439 1072 1507 revelatio
1096 1439 1134 1505 in
1154 1437 1290 1506 Vetere
1305 1435 1429 1501 Testa·

232 1551 358 1614 mento
370 1547 553 1630 innuitur,
574 1547 880 1614 manifestissime
894 1548 1117 1634 proponitur
1128 1547 1167 1612 in
1185 1545 1293 1613 Novo
1305 1544 1428 1610 'lesta-

232 1660 367 1723 mento.

811 1763 847 1817 X.

279 1865 323 1930 In
336 1885 422 1931 vera
439 1864 581 1933 Christi
600 1865 767 1933 Ecclesia
780 1866 921 1933 adsunt
937 1866 1196 1952 proprietates,
1214 1883 1351 1949 eaeque
1367 1881 1414 1928 ex

233 1973 351 2040 terius
364 1973 638 2057 manifestatae,
655 1974 794 2060 quibus
811 1981 854 2041 ut
869 1974 959 2042 talis
975 1974 1073 2041 inter
1085 1973 1321 2042 Christianae
1334 1989 1428 2036 com-

233 2083 429 2149 muniones
445 2089 681 2169 agnoscatur.
735 2083 990 2150 Recensentur
1006 2090 1130 2149 autem
1148 2087 1327 2168 quatuor:
1347 2078 1427 2144 uni·

231 2199 301 2276 tas,
323 2191 514 2274 sanctitas,
533 2191 782 2274 catholicitas,
797 2191 1067 2277 apostolicitas,
1084 2188 1332 2277 quibusnotis
1345 2207 1428 2254 oum

234 2301 314 2366 sola
340 2299 507 2367 Ecclesia
531 2299 702 2366 Romana
734 2299 920 2386 insignita
946 2300 1006 2383 sit,
1037 2299 1129 2367 haec
1157 2299 1236 2366 sola
1262 2301 1319 2364 est
1343 2315 1430 2362 vera

231 2408 374 2477 Christi
391 2406 567 2476 Ecclesia.

805 2515 857 2569 XI.

279 2619 383 2686 Inter
414 2617 694 2705 praerogativas
733 2617 872 2704 quibus
911 2616 1078 2686 Ecclesia
1111 2637 1132 2683 a
1164 2615 1315 2684 Christo
1354 2614 1431 2681 fuit

233 2729 384 2810 donata,
406 2727 544 2794 eminet
570 2726 839 2811 infallibilitas,
861 2747 935 2812 qua
952 2747 1019 2813 pro
1036 2746 1187 2792 munere
1204 2724 1276 2792 sibi
1293 2723 1428 2790 divini·

233 2842 294 2904 tus
311 2836 507 2904 commisso
524 2855 667 2902 omnem
685 2836 886 2902 revelatam
904 2835 1100 2902 veritatem
1122 2833 1296 2902 servandi
1313 2839 1351 2899 et
1365 2833 1428 2898 do-

233 2945 353 3029 cendi,
374 2945 414 3011 in
431 2945 480 3011 iis
497 2964 593 3030 quae
611 2944 710 3011 circa
726 2943 838 3011 fidem
856 2964 1050 3030 moresque
1067 2944 1210 3026 definit,
1231 2962 1371 3010 necnon
1390 2941 1429 3006 in

232 3053 345 3122 iactis
376 3053 490 3121 etiam
523 3072 618 3139 quae
651 3053 866 3136 dogmatica
897 3060 1088 3135 vocantur,
1124 3051 1352 3138 judicandis,
1382 3050 1429 3117 ab

233 3183 355 3231 errore
371 3167 428 3230 est
443 3161 632 3228 immunis.

795 3285 861 3338 XII.

277 3407 311 3472 A
329 3405 402 3472 fide
419 3405 568 3472 aberrat
585 3405 650 3490 qui
667 3404 811 3472 dixerit
836 3403 993 3472 Beatum
1022 3404 1176 3472 Petrum
1204 3405 1427 3490 Apostolum

232 3535 305 3582 non
322 3535 401 3581 esse
418 3535 440 3580 a
456 3513 607 3581 Christo
624 3513 786 3581 Domino
803 3513 1050 3581 constitutum
1075 3515 1328 3598 apostolorum
1354 3533 1426 3581 om-

233 3624 337 3689 nium
370 3622 587 3708 principem,
615 3628 654 3689 et
678 3622 798 3689 totius
830 3621 1018 3688 Ecclesiae
1046 3621 1247 3689 militantis
1279 3621 1429 3688 visibile

232 3739 357 3819 caput,
378 3732 435 3798 vel
453 3731 611 3797 eundem
628 3730 781 3797 honoris
798 3736 958 3814 tantum,
979 3751 1052 3798 non
1070 3736 1195 3798 autem
1222 3751 1330 3798 verae
1347 3751 1428 3816 pro-

231 3841 409 3926 priaeque
418 3839 696 3926 jurisdictionis
705 3839 907 3924 primatum
921 3840 967 3906 ab
979 3840 1110 3906 eodem
1117 3839 1278 3906 Domino
1289 3838 1430 3907 Nostro

231 3950 254 4016 J
258 3970 322 4016 esu
340 3948 491 4017 Christo
508 3948 648 4015 directe
664 3954 703 4014 et
718 3948 935 4014 immediate
952 3948 1148 4032 accepisse.

720 4056 799 4108 Ocno.
823 4055 881 4108 Vct.
896 4055 983 4107 Oomt.
999 4055 1098 4108 Pastor
1110 4058 1253 4114 Acmona,
1266 4072 1286 4108 c.
1303 4059 1326 4108 1.

790 4205 870 4259 XIlI.

279 4329 472 4394 Romanus
497 4325 677 4393 Pontifex
694 4347 740 4392 ex
758 4325 889 4392 divina
913 4324 1189 4393 ordinationes
1206 4345 1430 4412 quacunque

230 4442 416 4523 potestate
433 4435 598 4502 humana
615 4435 764 4501 liberet
781 4434 1036 4519 independens
1052 4441 1119 4502 est.
