3125 5317
881 692 922 759 to

320 881 435 949 maris
451 887 489 947 et
514 877 698 959 feminae3
723 883 761 944 et
787 876 872 945 ideo
888 876 988 945 cirea
1009 878 1277 945 delectationes
1301 877 1465 947 ciborum

320 1014 358 1075 et
384 1013 551 1093 potuum,
579 1010 617 1072 et
641 1004 739 1070 circa
764 1003 1033 1071 delectationes
1050 1024 1287 1072 venereorum
1313 1012 1370 1073 est
1386 1026 1466 1090 pro·

320 1134 402 1220 prie
419 1129 709 1217 temperantia.'’
724 1130 738 1179 1
769 1204 778 1209 ⁴,

864 1239 971 1287 xvtvr.

366 1365 648 1452 Temperantiae
658 1362 1005 1448 indelectabilibus,
1021 1384 1116 1450 quae
1126 1364 1318 1450 pertinent
1328 1366 1374 1433 ad
1386 1386 1467 1433 con·

319 1492 564 1559 servationem
583 1488 785 1570 individui,
802 1488 946 1574 duplex
959 1496 1016 1557 est
1031 1490 1192 1576 gradus:
1220 1491 1376 1577 primus,
1394 1511 1466 1557 om-

319 1618 431 1686 nibus
459 1616 677 1684 hominibus
707 1615 879 1682 absolute
907 1616 1174 1701 praescriptae,
1205 1617 1243 1681 in
1271 1638 1313 1684 eo
1341 1624 1399 1684 est
1427 1623 1470 1684 ut

318 1743 524 1829 praedictis
541 1740 830 1809 delectabilibus
847 1742 1051 1808 secundum
1079 1742 1262 1809 rationem
1287 1748 1468 1818 utantur;

317 1872 424 1953 alter,
446 1889 518 1936 uon
548 1867 719 1935 absolute
747 1867 813 1933 sed
841 1867 1003 1934 relative
1025 1874 1174 1934 tantum
1204 1868 1285 1953 lege
1301 1868 1467 1936 naturali

318 1996 584 2083 praescriptus,
606 1994 645 2060 in
670 2014 713 2060 eo
729 1993 904 2060 consistit
929 2000 972 2060 nt
989 1993 1192 2061 secundum
1218 1995 1402 2063 rationem
1421 1994 1467 2060 ab

317 2122 451 2190 iisdem
469 2121 694 2189 abstineant.

830 2229 954 2277 xnvn.

364 2372 549 2439 Similiter
571 2370 842 2455 temperantiae
867 2370 905 2435 in
931 2369 1231 2454 delectabilibus,
1253 2391 1349 2457 quae
1374 2371 1465 2438 reie-

316 2505 452 2565 runtur
476 2498 524 2564 ad
550 2496 868 2563 conservationem
896 2496 1028 2581 speoei,
1053 2496 1196 2583 duplex
1220 2505 1277 2564 est
1300 2498 1463 2583 gradus:

315 2624 471 2711 primns,
488 2623 663 2689 omnibus
674 2621 939 2707 praescriptus,
951 2619 989 2687 in
1002 2641 1044 2688 eo
1054 2627 1112 2689 est
1123 2628 1166 2689 ut
1177 2623 1466 2690 delectabilibus

314 2770 388 2817 non
415 2753 572 2815 utantur
589 2747 663 2814 nisi
688 2748 894 2814 secundum
919 2746 1113 2831 rationem,
1135 2747 1279 2815 scilicet
1302 2748 1464 2817 delecta·

315 2874 455 2942 tionem
479 2873 692 2959 quaerendo
709 2872 748 2937 in
765 2872 845 2939 solo
858 2878 943 2938 actu
961 2872 1062 2939 vitae
1077 2872 1348 2957 transmissivo,
1364 2874 1465 2941 huno

313 3019 399 3066 vcro
416 3004 540 3065 actum
558 2998 599 3064 in
615 2998 857 3065 matrimonio
874 3004 1020 3063 tantum
1042 2998 1215 3066 ordinate
1231 3000 1440 3067 exercendo
1456 3024 1463 3079 ;

313 3127 410 3192 alter
442 3144 527 3191 vero
559 3124 710 3210 gradus,
738 3122 856 3208 priori
898 3124 1049 3190 omnino
1081 3124 1254 3208 nobilior,
1284 3145 1350 3191 nec
1384 3125 1464 3192 ullo

312 3251 424 3318 modo
442 3249 600 3317 sanitati
619 3249 786 3334 corporis
802 3256 840 3315 et
864 3250 1002 3316 mentis
1026 3250 1192 3333 nocivus,
1206 3253 1222 3301 2
1238 3250 1278 3317 in
1306 3272 1349 3318 eo
1377 3271 1462 3320 con·

311 3378 416 3444 sistit
432 3380 476 3442 nt
492 3396 513 3442 a
530 3394 754 3461 quacunque
771 3394 927 3442 venerea
943 3375 1193 3443 delectatione
1209 3376 1459 3444 abstineatur.

814 3570 956 3619 XLVIII.

357 3694 375 3759 I
406 3694 488 3762 Cor.
521 3692 609 3777 VII,
639 3695 694 3772 25,
731 3700 859 3780 etseq
892 3693 1001 3761 docet
1026 3695 1185 3761 Sanetus
1210 3694 1355 3763 Paulus
1381 3718 1461 3765 coe·

309 3819 469 3885 libatum
486 3838 535 3884 ex
550 3826 689 3884 natura
706 3839 774 3884 sua
785 3818 1026 3886 matrimonio
1039 3820 1349 3905 praestantiorem
1362 3843 1456 3890 esse.

828 4013 936 4061 XLIX.

355 4135 1459 4221 Malthusiilex³depopulationisincrementotendentiali

307 4263 511 4329 secundum
536 4263 813 4347 proportionem
850 4264 1124 4348 geometricam,
1161 4266 1336 4351 possibili
1369 4290 1459 4338 vero

343 4441 413 4504 ¹22,
428 4392 529 4504 (ἷΜῙ,
543 4392 609 4489 2¹4.

342 4521 504 4587 ’Spenoer,
519 4520 619 4573 Ethica
630 4522 664 4587 os
677 4522 851 4574 Individaot
863 4522 934 4589 mse,
953 4523 1041 4590 ohap.
1056 4524 1138 4578 VIII.

342 4604 394 4659 Ὗ.
408 4604 443 4659 a
458 4604 604 4672 Malthns,
621 4605 679 4659 nte
689 4606 839 4674 Principle
851 4608 884 4674 os
891 4608 1079 4675 Pcpatota'on.
