3125 5317
697 642 719 704 7

132 837 286 885 amorem
302 818 391 885 licet
407 839 482 886 non
500 825 582 888 tam
600 821 780 907 explicite
797 822 837 899 in
854 821 1024 890 fontibus
1041 823 1281 891 revelationis

133 945 364 1012 contineatur
383 966 427 1014 ac
447 948 640 1031 processio
656 947 771 1016 Verbi
798 968 866 1033 per
891 948 1135 1033 intellectum,
1156 955 1282 1017 tamen

133 1091 177 1138 ex
202 1070 332 1137 iisdem
350 1071 554 1140 manifesto
584 1072 787 1160 colligitur.
838 1072 1076 1160 Quapropter
1108 1072 1280 1142 doctrina

133 1196 176 1262 rie
192 1195 326 1263 intima
342 1197 623 1264 necessitudine
639 1197 737 1264 inter
749 1197 846 1265 duas
862 1199 1116 1284 processiones
1132 1205 1170 1266 et
1186 1198 1281 1267 duos

134 1329 236 1389 artus
253 1321 388 1390 vitales
415 1343 489 1389 non
514 1323 595 1390 sine
618 1323 829 1392 temeritate
845 1324 893 1391 ab
910 1323 1090 1392 Hirscher
1106 1324 1211 1393 dicta
1226 1329 1284 1393 est

135 1469 271 1514 merum
289 1449 509 1536 analogicae
525 1449 792 1536 explicationis
804 1449 1113 1536 experimentum,
1133 1451 1282 1537 “phan-

135 1575 266 1641 tastica
284 1575 463 1662 omnique
479 1594 610 1643 carens
628 1574 875 1645 fundamento
891 1576 1141 1663 speculatio.’'

677 1771 731 1820 IX.

177 1895 266 1962 Sola
282 1916 443 1982 persona
459 1895 624 1963 secunda
641 1895 858 1964 divinitatis
873 1899 932 1962 est
947 1894 1131 1963 terminus
1154 1916 1280 1983 gener-

136 2021 273 2088 ationis
304 2022 463 2107 ejusque
478 2021 633 2108 proprio
650 2042 760 2088 sensu
778 2020 1050 2088 intellectualis
1074 2041 1117 2088 ac
1141 2021 1281 2107 perfec-

136 2145 300 2213 tissimae
317 2170 325 2228 ;
345 2146 530 2232 processio
548 2151 671 2214 autem
693 2146 859 2232 Spiritus
877 2146 1005 2214 Sancti
1031 2145 1121 2214 licet
1131 2146 1184 2215 sit
1199 2166 1282 2232 pro-

136 2271 262 2339 ductio
286 2271 450 2340 viventis
474 2292 496 2339 a
520 2271 670 2340 vivente
694 2293 742 2340 ex
765 2271 956 2358 principio
980 2270 1184 2339 intrinseco
1208 2272 1282 2339 foe-

136 2397 344 2465 cunditatis
360 2418 426 2483 per
442 2397 817 2465 communicationem
834 2397 1002 2484 ejusdem
1019 2402 1187 2481 naturae,
1209 2417 1283 2464 non

137 2533 258 2592 tamen
289 2531 349 2592 est
371 2524 577 2610 generati0,
595 2524 780 2612 siquidem
801 2525 841 2591 in
858 2545 902 2592 ea
918 2543 993 2590 non
1009 2544 1057 2590 ex
1070 2523 1153 2610 ipso
1170 2525 1282 2592 modo

138 2651 384 2737 processionis
400 2649 626 2736 producitur
641 2650 907 2718 substantialis
931 2649 1055 2738 imago
1078 2650 1282 2736 producen-

139 2777 197 2844 tis.

684 2887 721 2935 x.

181 3027 319 3095 Verbis
365 3026 509 3097 christi
557 3026 781 3112 manifestis,
834 3027 974 3111 quibus
1020 3027 1130 3095 docet
1181 3027 1283 3095 mitti

140 3153 304 3238 Spritum
323 3154 499 3221 Sanctum
526 3159 570 3220 ut
594 3174 616 3221 a
642 3152 756 3220 Patre
782 3153 839 3221 ita
870 3173 893 3220 a
923 3151 1036 3236 Filio,
1071 3152 1286 3221 continetur

141 3299 210 3347 non
227 3285 377 3346 tantum
401 3279 532 3347 missio
548 3299 591 3346 ac
607 3278 795 3365 processio
819 3278 859 3345 in
886 3283 1052 3364 tempore
1078 3278 1283 3346 secundum

140 3405 309 3473 effectum
341 3405 392 3473 ad
423 3410 543 3489 extra,
580 3409 623 3472 ut
648 3405 781 3472 volunt
810 3403 1004 3489 Photiani‚
1037 3403 1102 3471 sed
1131 3408 1283 3472 aeterna

141 3551 285 3618 qnoque
301 3530 488 3617 processio
504 3550 684 3617 personae
700 3529 837 3598 missae
854 3529 1063 3598 amittente
1079 3529 1284 3597 secundum

140 3661 215 3708 esse
230 3660 421 3726 personae.

682 3750 737 3798 xr.

184 3894 309 3962 Verba
325 3893 470 3962 Christi
493 3892 729 3976 affirmantia,
750 3893 860 3960 Joan.
893 3891 965 3961 XV
991 3895 1047 3976 26,
1081 3890 1284 3978 “Spiritus

145 4021 309 4088 raritatis
326 4019 395 4107 qui
414 4040 437 4086 a
452 4017 567 4086 Patre
583 4018 795 4103 procedit,'’
817 4018 850 4086 si
874 4023 1065 4104 spectetur
1075 4017 1285 4085 certissima

144 4145 306 4214 doctrina
324 4146 373 4213 de
390 4143 577 4211 Trinitate
593 4149 707 4230 prout
730 4143 770 4209 in
798 4143 993 4230 Scriptura
1020 4143 1232 4227 exhibetur,
1248 4147 1288 4210 et

143 4273 214 4360 ipse
237 4273 355 4362 th'us
389 4271 466 4339 loci
493 4275 698 4355 contextus,
720 4290 794 4338 non
818 4272 938 4338 solum
963 4289 1038 4337 non
1062 4270 1282 4356 excludunt,

142 4400 197 4468 sed
219 4399 430 4468 manifesto
457 4397 658 4464 includunt
685 4396 828 4469 Filium
856 4402 901 4468 ut
928 4415 1044 4467 unum
1069 4416 1153 4467 cum
1171 4394 1285 4466 Patre

137 4526 358 4616 principium
377 4521 553 4612 ,Spiritus
570 4521 707 4590 Sancti.
