3125 5317
669 669 709 763 ll

101 891 265 957 „luctor”
296 891 335 958 vi
363 914 462 962 suae
492 896 799 982 supernaturalis
825 895 986 962 actionis
1010 895 1050 961 in
1077 893 1261 980 conscrip-
1320 968 1323 974 ,

101 1025 193 1082 tores
207 1015 408 1087 humanos:
442 1042 547 1109 qnae
576 1024 673 1090 actio
699 1043 770 1090 usu
796 1021 1067 1104 eoelestiastico
1092 1042 1140 1087 ex
1166 1020 1262 1107 ipsis

102 1142 301 1228 Scripturis
319 1146 503 1216 derivato
522 1149 723 1235 inspiratio
741 1148 895 1215 dicitnr.

632 1395 738 1442 xxtn

144 1581 201 1649 Ex
229 1585 416 1653 instituta
448 1587 597 1672 analysi
628 1588 812 1654 revelatae
832 1587 1025 1653 doctrinae
1042 1587 1082 1653 in
1099 1586 1263 1654 formula

104 1707 332 1793 dogmat-ica:
368 1711 500 1778 “Deus
527 1719 583 1778 est
611 1717 752 1778 Auctor
779 1711 959 1778 librornnr
987 1711 1119 1778 Sacrae
1142 1712 1263 1798 Scrip-

105 1836 252 1914 tnrae,'''
275 1843 490 1918 contentae,
508 1837 678 1923 seqnitur
695 1837 982 1922 inspirationem
1000 1837 1202 1945 consistere
1224 1837 1264 1903 in
1297 1843 1301 1850 ’
1352 1911 1360 1930 ι

105 1961 324 2046 operatione
332 1961 405 2029 Dei
426 1963 464 2029 in
480 1963 750 2048 conscriptores
768 1942 963 2045 hemanea,
975 1983 1050 2048 qna
1059 1963 1189 2030 lacrum
1205 1984 1263 2030 vo-

106 2086 290 2152 luntatem
309 2099 437 2154 rnoret
456 2088 765 2174 intellectumque
777 2088 947 2154 illustrat
961 2089 1010 2154 ad
1026 2109 1068 2154 ea
1087 2089 1211 2155 omnia
1228 2095 1266 2155 et·

106 2212 179 2277 sola
192 2213 398 2278 scribenda
410 2233 509 2298 qnae
521 2214 601 2298 ipse
613 2212 715 2279 Dens
727 2214 870 2298 scripta
880 2214 975 2293 vnlt;
986 2234 1062 2299 qna
1075 2221 1265 2299 praeterea

107 2338 158 2402 eis
174 2338 381 2405 infallibili
399 2339 619 2434 assistentia
636 2339 734 2406 inter
751 2339 989 2406 scribendum
1003 2340 1120 2416 adest,
1138 2360 1183 2406 ne
1200 2340 1265 2406 eli-

106 2471 242 2548 gantur
255 2465 311 2530 rel
331 2464 590 2531 adhibeantur
608 2465 718 2532 verba
735 2472 772 2531 et
792 2465 901 2549 signa
918 2465 965 2531 ad
984 2472 1184 2550 conceptus
1201 2488 1263 2531 ex-

107 2589 321 2674 primendos
339 2611 417 2657 non
436 2592 725 2674 accommodata.
1100 2590 1102 2596 ’

642 2838 734 2885 XXX.

152 3026 236 3094 Non
255 3028 374 3095 datur
391 3028 501 3095 nobis
520 3029 590 3096 nisi
615 3021 765 3096 unicum
784 3029 949 3095 medium
964 3050 1038 3116 qno
1052 3029 1191 3097 facturn
1211 3029 1265 3096 in-

110 3154 508 3238 spirationisonrnium
521 3155 697 3221 librorum
709 3155 924 3240 Scripturas
933 3155 1265 3240 Sacraecognosca-

110 3283 178 3360 tnr,
190 3279 316 3365 ipsum
337 3281 485 3346 scilicet
498 3281 565 3347 hac
583 3282 628 3346 tle
645 3303 683 3346 re
704 3281 774 3347 Dei
793 3280 1049 3352 testimoninm
1062 3281 1268 3348 traditione

113 3405 331 3474 Christiana
349 3427 417 3492 per
434 3407 689 3491 magisterium
705 3407 893 3474 Ecclesiae
910 3407 1156 3491 propositum.

631 3653 741 3700 XXXL

159 3841 229 3909 “In
246 3844 359 3910 rebus
377 3842 466 3909 fidei
484 3851 520 3909 et
534 3863 685 3928 morum,
701 3845 749 3911 ad
762 3845 1058 3911 aedificationem
1071 3843 1266 3911 doctrinae

114 3967 351 4037 Christianae
384 3969 664 4054 pertinentium,
701 3971 733 4036 is
768 3991 834 4056 pro
871 3991 955 4036 vero
988 3990 1098 4036 sensu
1138 3991 1265 4037 sacrae

115 4093 326 4180 Scripturae
356 4095 551 4162 habendus
578 4097 638 4178 sit,
659 4117 767 4182 quem
797 4096 921 4162 tenuit
938 4117 980 4162 ac
1008 4103 1109 4162 tenet
1127 4096 1264 4162 Sancta

116 4219 228 4288 Mater
245 4221 428 4301 Ecclesia,
447 4223 553 4308 cnjus
570 4231 625 4289 est
641 4223 810 4309 judicare
822 4223 868 4288 de
879 4243 964 4289 vero
975 4242 1084 4287 sensu
1099 4229 1137 4288 et
1150 4223 1264 4288 inter·

116 4349 322 4431 pretatione
341 4347 618 4432 Scriptnrarum
642 4348 898 4414 Sacrarnnr.''¹

419 4503 1258 4520 -ι-ῇ-ῌ--Ἣ

145 4595 242 4645 ‘Cone
258 4595 330 4646 Vat.
345 4594 448 4644 Const.
463 4592 524 4644 Dei
530 4592 632 4656 Filius,
645 4609 669 4646 c.
684 4593 713 4646 ii.
