<?xml version="1.0" encoding="UTF-8"?>
<!DOCTYPE html PUBLIC "-//W3C//DTD XHTML 1.0 Transitional//EN"
    "http://www.w3.org/TR/xhtml1/DTD/xhtml1-transitional.dtd">
<html xmlns="http://www.w3.org/1999/xhtml" xml:lang="en" lang="en">
 <head>
  <title>
</title>
<meta http-equiv="Content-Type" content="text/html;charset=utf-8" />
  <meta name='ocr-system' content='tesseract 3.04.00' />
  <meta name='ocr-capabilities' content='ocr_page ocr_carea ocr_par ocr_line ocrx_word'/>
</head>
<body>
  <div class='ocr_page' id='page_1' title='image "./thesesadlicenti00amergoog_0154.png"; bbox 0 0 3125 5317; ppageno 0'>
   <div class='ocr_carea' id='block_1_1' title="bbox 802 640 823 702">
    <p class='ocr_par' dir='ltr' id='par_1_1' title="bbox 802 640 823 702">
     <span class='ocr_line' id='line_1_1' title="bbox 802 640 823 702; baseline 0 0"><span class='ocrx_word' id='word_1_1' title='bbox 802 640 823 702; x_wconf 83' lang='lat'><strong>6</strong></span> 
     </span>
    </p>
   </div>
   <div class='ocr_carea' id='block_1_2' title="bbox 237 819 1390 1036">
    <p class='ocr_par' dir='ltr' id='par_1_2' title="bbox 237 819 1390 1036">
     <span class='ocr_line' id='line_1_2' title="bbox 237 819 1390 908; baseline -0.004 -16"><span class='ocrx_word' id='word_1_2' title='bbox 237 822 485 907; x_wconf 89' lang='lat' dir='ltr'>constituunt,</span> <span class='ocrx_word' id='word_1_3' title='bbox 503 821 670 908; x_wconf 81' lang='lat' dir='ltr'><strong>aliquam</strong></span> <span class='ocrx_word' id='word_1_4' title='bbox 688 825 825 905; x_wconf 91' lang='lat' dir='ltr'>tamen,</span> <span class='ocrx_word' id='word_1_5' title='bbox 840 820 913 888; x_wconf 89' lang='lat' dir='ltr'>fide</span> <span class='ocrx_word' id='word_1_6' title='bbox 929 820 1132 905; x_wconf 87' lang='lat' dir='ltr'>illustrata,</span> <span class='ocrx_word' id='word_1_7' title='bbox 1152 819 1390 907; x_wconf 77' lang='lat' dir='ltr'><strong>analogicum</strong></span> 
     </span>
     <span class='ocr_line' id='line_1_3' title="bbox 239 946 999 1036; baseline -0.003 -20"><span class='ocrx_word' id='word_1_8' title='bbox 239 949 346 1018; x_wconf 88' lang='lat' dir='ltr'>illius</span> <span class='ocrx_word' id='word_1_9' title='bbox 362 947 652 1036; x_wconf 72' lang='lat' dir='ltr'>intelligentiam</span> <span class='ocrx_word' id='word_1_10' title='bbox 669 946 819 1034; x_wconf 82' lang='lat' dir='ltr'>assequi</span> <span class='ocrx_word' id='word_1_11' title='bbox 834 951 970 1032; x_wconf 87' lang='lat' dir='ltr'>potest.</span> <span class='ocrx_word' id='word_1_12' title='bbox 984 948 999 998; x_wconf 94' lang='lat'>1</span> 
     </span>
    </p>
   </div>
   <div class='ocr_carea' id='block_1_3' title="bbox 787 1158 828 1210">
    <p class='ocr_par' dir='ltr' id='par_1_3' title="bbox 787 1158 828 1210">
     <span class='ocr_line' id='line_1_4' title="bbox 787 1158 828 1210; baseline 0.024 -1"><span class='ocrx_word' id='word_1_13' title='bbox 787 1158 828 1210; x_wconf 85' lang='lat' dir='ltr'>V.</span> 
     </span>
    </p>
   </div>
   <div class='ocr_carea' id='block_1_4' title="bbox 239 1300 1391 1498">
    <p class='ocr_par' dir='ltr' id='par_1_4' title="bbox 239 1300 1391 1498">
     <span class='ocr_line' id='line_1_5' title="bbox 283 1300 1390 1371; baseline -0.002 -1"><span class='ocrx_word' id='word_1_14' title='bbox 283 1303 356 1371; x_wconf 83' lang='lat' dir='ltr'>Fas</span> <span class='ocrx_word' id='word_1_15' title='bbox 373 1323 447 1371; x_wconf 92' lang='lat' dir='ltr'>non</span> <span class='ocrx_word' id='word_1_16' title='bbox 464 1306 521 1371; x_wconf 91' lang='lat' dir='ltr'>est</span> <span class='ocrx_word' id='word_1_17' title='bbox 537 1302 659 1370; x_wconf 90' lang='lat' dir='ltr'>dicere</span> <span class='ocrx_word' id='word_1_18' title='bbox 672 1302 868 1370; x_wconf 88' lang='lat' dir='ltr'>commatis</span> <span class='ocrx_word' id='word_1_19' title='bbox 884 1301 909 1370; x_wconf 89' lang='lat' dir='ltr'><strong>J</strong></span> <span class='ocrx_word' id='word_1_20' title='bbox 910 1302 1046 1370; x_wconf 90' lang='lat' dir='ltr'>oannei</span> <span class='ocrx_word' id='word_1_21' title='bbox 1058 1300 1390 1369; x_wconf 63' lang='lat' dir='ltr'>authenticitatem</span> 
     </span>
     <span class='ocr_line' id='line_1_6' title="bbox 239 1410 1391 1498; baseline -0.004 -17"><span class='ocrx_word' id='word_1_22' title='bbox 239 1414 344 1482; x_wconf 82' lang='lat' dir='ltr'>salva</span> <span class='ocrx_word' id='word_1_23' title='bbox 369 1413 442 1480; x_wconf 90' lang='lat' dir='ltr'>fide</span> <span class='ocrx_word' id='word_1_24' title='bbox 466 1411 595 1498; x_wconf 82' lang='lat' dir='ltr'>negari</span> <span class='ocrx_word' id='word_1_25' title='bbox 622 1431 697 1478; x_wconf 93' lang='lat' dir='ltr'>non</span> <span class='ocrx_word' id='word_1_26' title='bbox 722 1431 842 1497; x_wconf 89' lang='lat' dir='ltr'>posse,</span> <span class='ocrx_word' id='word_1_27' title='bbox 864 1430 984 1498; x_wconf 90' lang='lat' dir='ltr'>neque</span> <span class='ocrx_word' id='word_1_28' title='bbox 1009 1410 1233 1480; x_wconf 89' lang='lat' dir='ltr'>temeritatis</span> <span class='ocrx_word' id='word_1_29' title='bbox 1259 1414 1391 1477; x_wconf 88' lang='lat' dir='ltr'>notam</span> 
     </span>
    </p>
   </div>
   <div class='ocr_carea' id='block_1_5' title="bbox 237 1535 1394 3019">
    <p class='ocr_par' dir='ltr' id='par_1_5' title="bbox 238 1535 1392 1839">
     <span class='ocr_line' id='line_1_7' title="bbox 238 1535 1392 1625; baseline -0.001 -21"><span class='ocrx_word' id='word_1_30' title='bbox 238 1538 340 1606; x_wconf 90' lang='lat' dir='ltr'>inuri</span> <span class='ocrx_word' id='word_1_31' title='bbox 355 1557 464 1624; x_wconf 90' lang='lat' dir='ltr'>posse</span> <span class='ocrx_word' id='word_1_32' title='bbox 480 1557 672 1605; x_wconf 76' lang='lat' dir='ltr'>censemus</span> <span class='ocrx_word' id='word_1_33' title='bbox 683 1537 741 1622; x_wconf 90' lang='lat' dir='ltr'>iis,</span> <span class='ocrx_word' id='word_1_34' title='bbox 756 1537 823 1625; x_wconf 89' lang='lat' dir='ltr'>qui</span> <span class='ocrx_word' id='word_1_35' title='bbox 834 1541 1032 1624; x_wconf 88' lang='lat' dir='ltr'>negantem</span> <span class='ocrx_word' id='word_1_36' title='bbox 1044 1535 1150 1604; x_wconf 91' lang='lat' dir='ltr'>illam</span> <span class='ocrx_word' id='word_1_37' title='bbox 1161 1535 1392 1604; x_wconf 83' lang='lat' dir='ltr'>sententiam</span> 
     </span>
     <span class='ocr_line' id='line_1_8' title="bbox 238 1668 491 1751; baseline -0.004 -19"><span class='ocrx_word' id='word_1_38' title='bbox 238 1668 491 1751; x_wconf 86' lang='lat' dir='ltr'>propugnant.</span> 
     </span>
     <span class='ocr_line' id='line_1_9' title="bbox 787 1789 842 1839; baseline -0.018 0"><span class='ocrx_word' id='word_1_39' title='bbox 787 1789 842 1839; x_wconf 85' lang='lat' dir='ltr'>vr.</span> 
     </span>
    </p>

    <p class='ocr_par' dir='ltr' id='par_1_6' title="bbox 237 1929 1394 3019">
     <span class='ocr_line' id='line_1_10' title="bbox 284 1929 1394 2018; baseline -0.001 -21"><span class='ocrx_word' id='word_1_40' title='bbox 284 1931 422 1998; x_wconf 81' lang='lat' dir='ltr'>Errant</span> <span class='ocrx_word' id='word_1_41' title='bbox 452 1929 721 2014; x_wconf 83' lang='lat' dir='ltr'>Protestantes,</span> <span class='ocrx_word' id='word_1_42' title='bbox 756 1936 857 1998; x_wconf 89' lang='lat' dir='ltr'>errat</span> <span class='ocrx_word' id='word_1_43' title='bbox 895 1949 1045 2017; x_wconf 87' lang='lat' dir='ltr'>qnoque</span> <span class='ocrx_word' id='word_1_44' title='bbox 1076 1930 1288 2014; x_wconf 75' lang='lat' dir='ltr'>Hirscher‚2</span> <span class='ocrx_word' id='word_1_45' title='bbox 1321 1929 1394 2018; x_wconf 90' lang='lat' dir='ltr'>qni</span> 
     </span>
     <span class='ocr_line' id='line_1_11' title="bbox 239 2055 1392 2143; baseline -0.002 -18"><span class='ocrx_word' id='word_1_46' title='bbox 239 2057 374 2143; x_wconf 82' lang='lat' dir='ltr'>dogma</span> <span class='ocrx_word' id='word_1_47' title='bbox 397 2055 444 2124; x_wconf 88' lang='lat' dir='ltr'>de</span> <span class='ocrx_word' id='word_1_48' title='bbox 469 2055 548 2124; x_wconf 90' lang='lat' dir='ltr'>Deo</span> <span class='ocrx_word' id='word_1_49' title='bbox 569 2055 682 2124; x_wconf 85' lang='lat' dir='ltr'>Trino</span> <span class='ocrx_word' id='word_1_50' title='bbox 698 2061 737 2124; x_wconf 91' lang='lat' dir='ltr'>et</span> <span class='ocrx_word' id='word_1_51' title='bbox 753 2056 837 2124; x_wconf 92' lang='lat' dir='ltr'>Uno</span> <span class='ocrx_word' id='word_1_52' title='bbox 854 2061 1002 2124; x_wconf 86' lang='lat' dir='ltr'>tantum</span> <span class='ocrx_word' id='word_1_53' title='bbox 1026 2055 1221 2140; x_wconf 89' lang='lat' dir='ltr'>indirecte,</span> <span class='ocrx_word' id='word_1_54' title='bbox 1241 2056 1288 2123; x_wconf 95' lang='lat' dir='ltr'>ob</span> <span class='ocrx_word' id='word_1_55' title='bbox 1304 2057 1392 2142; x_wconf 82' lang='lat' dir='ltr'>ejus</span> 
     </span>
     <span class='ocr_line' id='line_1_12' title="bbox 239 2181 1393 2268; baseline 0 -20"><span class='ocrx_word' id='word_1_56' title='bbox 239 2181 383 2249; x_wconf 88' lang='lat' dir='ltr'>scilicet</span> <span class='ocrx_word' id='word_1_57' title='bbox 408 2181 673 2249; x_wconf 79' lang='lat' dir='ltr'>connexionem</span> <span class='ocrx_word' id='word_1_58' title='bbox 704 2201 787 2248; x_wconf 93' lang='lat' dir='ltr'>cum</span> <span class='ocrx_word' id='word_1_59' title='bbox 812 2181 1067 2266; x_wconf 88' lang='lat' dir='ltr'>redemptione</span> <span class='ocrx_word' id='word_1_60' title='bbox 1084 2181 1142 2248; x_wconf 86' lang='lat' dir='ltr'>vel</span> <span class='ocrx_word' id='word_1_61' title='bbox 1166 2201 1250 2248; x_wconf 92' lang='lat' dir='ltr'>cum</span> <span class='ocrx_word' id='word_1_62' title='bbox 1274 2201 1393 2268; x_wconf 92' lang='lat' dir='ltr'>regno</span> 
     </span>
     <span class='ocr_line' id='line_1_13' title="bbox 238 2305 1392 2394; baseline -0.001 -19"><span class='ocrx_word' id='word_1_63' title='bbox 238 2311 276 2375; x_wconf 90' lang='lat' dir='ltr'>et</span> <span class='ocrx_word' id='word_1_64' title='bbox 295 2327 417 2393; x_wconf 66' lang='lat' dir='ltr'>‚opere</span> <span class='ocrx_word' id='word_1_65' title='bbox 448 2305 591 2376; x_wconf 82' lang='lat' dir='ltr'>Christi</span> <span class='ocrx_word' id='word_1_66' title='bbox 622 2306 839 2393; x_wconf 87' lang='lat' dir='ltr'>generatim,</span> <span class='ocrx_word' id='word_1_67' title='bbox 875 2307 925 2375; x_wconf 87' lang='lat' dir='ltr'>ad</span> <span class='ocrx_word' id='word_1_68' title='bbox 961 2307 1188 2394; x_wconf 87' lang='lat' dir='ltr'>theologiam</span> <span class='ocrx_word' id='word_1_69' title='bbox 1220 2310 1392 2393; x_wconf 88' lang='lat' dir='ltr'>spectare</span> 
     </span>
     <span class='ocr_line' id='line_1_14' title="bbox 239 2432 1391 2520; baseline -0.001 -20"><span class='ocrx_word' id='word_1_70' title='bbox 239 2437 449 2516; x_wconf 88' lang='lat' dir='ltr'>autumant,</span> <span class='ocrx_word' id='word_1_71' title='bbox 485 2453 529 2500; x_wconf 89' lang='lat' dir='ltr'>ac</span> <span class='ocrx_word' id='word_1_72' title='bbox 560 2432 718 2518; x_wconf 89' lang='lat' dir='ltr'>proinde</span> <span class='ocrx_word' id='word_1_73' title='bbox 751 2432 975 2518; x_wconf 88' lang='lat' dir='ltr'>penitiorem</span> <span class='ocrx_word' id='word_1_74' title='bbox 1014 2433 1097 2520; x_wconf 82' lang='lat' dir='ltr'>ejus</span> <span class='ocrx_word' id='word_1_75' title='bbox 1136 2433 1391 2519; x_wconf 87' lang='lat' dir='ltr'>cognitionem</span> 
     </span>
     <span class='ocr_line' id='line_1_15' title="bbox 238 2557 1393 2646; baseline 0 -21"><span class='ocrx_word' id='word_1_76' title='bbox 238 2557 432 2626; x_wconf 87' lang='lat' dir='ltr'>scientiam</span> <span class='ocrx_word' id='word_1_77' title='bbox 450 2557 699 2644; x_wconf 88' lang='lat' dir='ltr'>theologicam</span> <span class='ocrx_word' id='word_1_78' title='bbox 723 2578 946 2644; x_wconf 89' lang='lat' dir='ltr'>magnopere</span> <span class='ocrx_word' id='word_1_79' title='bbox 969 2559 1100 2646; x_wconf 87' lang='lat' dir='ltr'>juvare</span> <span class='ocrx_word' id='word_1_80' title='bbox 1119 2562 1269 2645; x_wconf 88' lang='lat' dir='ltr'>negant.</span> <span class='ocrx_word' id='word_1_81' title='bbox 1320 2558 1393 2625; x_wconf 82' lang='lat' dir='ltr'>Est</span> 
     </span>
     <span class='ocr_line' id='line_1_16' title="bbox 237 2682 1392 2771; baseline 0 -20"><span class='ocrx_word' id='word_1_82' title='bbox 237 2683 337 2751; x_wconf 89' lang='lat' dir='ltr'>enim</span> <span class='ocrx_word' id='word_1_83' title='bbox 353 2688 504 2751; x_wconf 89' lang='lat' dir='ltr'>econtra</span> <span class='ocrx_word' id='word_1_84' title='bbox 514 2682 738 2769; x_wconf 84' lang='lat' dir='ltr'>profundior</span> <span class='ocrx_word' id='word_1_85' title='bbox 748 2683 864 2771; x_wconf 83' lang='lat' dir='ltr'>hujus</span> <span class='ocrx_word' id='word_1_86' title='bbox 874 2683 1046 2770; x_wconf 82' lang='lat' dir='ltr'>mysterii</span> <span class='ocrx_word' id='word_1_87' title='bbox 1057 2684 1196 2753; x_wconf 87' lang='lat' dir='ltr'>notitia</span> <span class='ocrx_word' id='word_1_88' title='bbox 1212 2683 1392 2770; x_wconf 89' lang='lat' dir='ltr'>theologo</span> 
     </span>
     <span class='ocr_line' id='line_1_17' title="bbox 239 2807 1391 2895; baseline 0.001 -19"><span class='ocrx_word' id='word_1_89' title='bbox 239 2824 405 2876; x_wconf 89' lang='lat' dir='ltr'>summae</span> <span class='ocrx_word' id='word_1_90' title='bbox 430 2807 624 2894; x_wconf 89' lang='lat' dir='ltr'>utilitatis,</span> <span class='ocrx_word' id='word_1_91' title='bbox 646 2830 729 2875; x_wconf 91' lang='lat' dir='ltr'>cum</span> <span class='ocrx_word' id='word_1_92' title='bbox 756 2829 902 2880; x_wconf 88' lang='lat' dir='ltr'>summa</span> <span class='ocrx_word' id='word_1_93' title='bbox 917 2809 980 2895; x_wconf 88' lang='lat' dir='ltr'>sit,</span> <span class='ocrx_word' id='word_1_94' title='bbox 1013 2815 1181 2878; x_wconf 90' lang='lat' dir='ltr'>centrum</span> <span class='ocrx_word' id='word_1_95' title='bbox 1205 2828 1249 2877; x_wconf 88' lang='lat' dir='ltr'>ac</span> <span class='ocrx_word' id='word_1_96' title='bbox 1275 2808 1391 2877; x_wconf 89' lang='lat' dir='ltr'>radix</span> 
     </span>
     <span class='ocr_line' id='line_1_18' title="bbox 239 2932 813 3019; baseline -0.003 -17"><span class='ocrx_word' id='word_1_97' title='bbox 239 2933 582 3019; x_wconf 85' lang='lat' dir='ltr'>supernaturalium</span> <span class='ocrx_word' id='word_1_98' title='bbox 599 2932 813 3001; x_wconf 89' lang='lat' dir='ltr'>veritatum.</span> 
     </span>
    </p>
   </div>
   <div class='ocr_carea' id='block_1_6' title="bbox 774 3162 846 3210">
    <p class='ocr_par' dir='ltr' id='par_1_7' title="bbox 774 3162 846 3210">
     <span class='ocr_line' id='line_1_19' title="bbox 774 3162 846 3210; baseline 0 0"><span class='ocrx_word' id='word_1_99' title='bbox 774 3162 846 3210; x_wconf 90' lang='lat' dir='ltr'>VII.</span> 
     </span>
    </p>
   </div>
   <div class='ocr_carea' id='block_1_7' title="bbox 239 3320 1393 3531">
    <p class='ocr_par' dir='ltr' id='par_1_8' title="bbox 239 3320 1393 3531">
     <span class='ocr_line' id='line_1_20' title="bbox 283 3320 1390 3409; baseline 0.003 -22"><span class='ocrx_word' id='word_1_100' title='bbox 283 3320 474 3406; x_wconf 85' lang='lat' dir='ltr'>Imprimis</span> <span class='ocrx_word' id='word_1_101' title='bbox 490 3339 575 3387; x_wconf 87' lang='lat' dir='ltr'>vero</span> <span class='ocrx_word' id='word_1_102' title='bbox 600 3320 698 3388; x_wconf 90' lang='lat' dir='ltr'>inter</span> <span class='ocrx_word' id='word_1_103' title='bbox 716 3321 777 3388; x_wconf 86' lang='lat' dir='ltr'>SS.</span> <span class='ocrx_word' id='word_1_104' title='bbox 798 3321 996 3390; x_wconf 85' lang='lat' dir='ltr'>Trinitatis</span> <span class='ocrx_word' id='word_1_105' title='bbox 1021 3326 1060 3389; x_wconf 93' lang='lat' dir='ltr'>et</span> <span class='ocrx_word' id='word_1_106' title='bbox 1083 3322 1229 3409; x_wconf 87' lang='lat' dir='ltr'>gratiae</span> <span class='ocrx_word' id='word_1_107' title='bbox 1250 3328 1390 3409; x_wconf 85' lang='lat' dir='ltr'>myste-</span> 
     </span>
     <span class='ocr_line' id='line_1_21' title="bbox 239 3444 1393 3531; baseline 0.003 -19"><span class='ocrx_word' id='word_1_108' title='bbox 239 3447 336 3513; x_wconf 92' lang='lat' dir='ltr'>rium</span> <span class='ocrx_word' id='word_1_109' title='bbox 361 3466 406 3513; x_wconf 88' lang='lat' dir='ltr'>ea</span> <span class='ocrx_word' id='word_1_110' title='bbox 432 3451 490 3512; x_wconf 92' lang='lat' dir='ltr'>est</span> <span class='ocrx_word' id='word_1_111' title='bbox 517 3444 614 3513; x_wconf 89' lang='lat' dir='ltr'>ratio</span> <span class='ocrx_word' id='word_1_112' title='bbox 643 3446 943 3531; x_wconf 87' lang='lat' dir='ltr'>necessitudinis,</span> <span class='ocrx_word' id='word_1_113' title='bbox 975 3453 1019 3515; x_wconf 88' lang='lat' dir='ltr'>nt</span> <span class='ocrx_word' id='word_1_114' title='bbox 1047 3447 1117 3516; x_wconf 91' lang='lat' dir='ltr'>hoc</span> <span class='ocrx_word' id='word_1_115' title='bbox 1145 3449 1248 3516; x_wconf 86' lang='lat' dir='ltr'>velut</span> <span class='ocrx_word' id='word_1_116' title='bbox 1275 3447 1393 3516; x_wconf 88' lang='lat' dir='ltr'>realis</span> 
     </span>
    </p>
   </div>
   <div class='ocr_carea' id='block_1_8' title="bbox 238 3570 1393 3764">
    <p class='ocr_par' dir='ltr' id='par_1_9' title="bbox 238 3570 1393 3764">
     <span class='ocr_line' id='line_1_22' title="bbox 238 3570 1393 3662; baseline 0.003 -24"><span class='ocrx_word' id='word_1_117' title='bbox 238 3571 423 3658; x_wconf 87' lang='lat' dir='ltr'>quaedam</span> <span class='ocrx_word' id='word_1_118' title='bbox 449 3570 554 3637; x_wconf 92' lang='lat' dir='ltr'>illius</span> <span class='ocrx_word' id='word_1_119' title='bbox 580 3571 759 3639; x_wconf 86' lang='lat' dir='ltr'>revelatio</span> <span class='ocrx_word' id='word_1_120' title='bbox 791 3571 872 3640; x_wconf 93' lang='lat' dir='ltr'>iure</span> <span class='ocrx_word' id='word_1_121' title='bbox 904 3573 1139 3660; x_wconf 87' lang='lat' dir='ltr'>concipiatur</span> <span class='ocrx_word' id='word_1_122' title='bbox 1162 3593 1279 3662; x_wconf 87' lang='lat' dir='ltr'>eoque</span> <span class='ocrx_word' id='word_1_123' title='bbox 1304 3573 1393 3659; x_wconf 89' lang='lat' dir='ltr'>ipso</span> 
     </span>
     <span class='ocr_line' id='line_1_23' title="bbox 241 3693 634 3764; baseline 0.003 -2"><span class='ocrx_word' id='word_1_124' title='bbox 241 3693 396 3762; x_wconf 89' lang='lat' dir='ltr'>mirifice</span> <span class='ocrx_word' id='word_1_125' title='bbox 413 3694 634 3764; x_wconf 88' lang='lat' dir='ltr'>illustretur.</span> 
     </span>
    </p>
   </div>
   <div class='ocr_carea' id='block_1_9' title="bbox 765 3840 967 3894">
    <p class='ocr_par' dir='ltr' id='par_1_10' title="bbox 765 3840 967 3894">
     <span class='ocr_line' id='line_1_24' title="bbox 765 3840 967 3894; baseline 0.03 -6"><span class='ocrx_word' id='word_1_126' title='bbox 765 3840 855 3890; x_wconf 90' lang='lat' dir='ltr'>VIII.</span> <span class='ocrx_word' id='word_1_127' title='bbox 960 3890 967 3894; x_wconf 90' lang='lat'>.</span> 
     </span>
    </p>
   </div>
   <div class='ocr_carea' id='block_1_10' title="bbox 239 3995 1393 4212">
    <p class='ocr_par' dir='ltr' id='par_1_11' title="bbox 239 3995 1393 4212">
     <span class='ocr_line' id='line_1_25' title="bbox 284 3995 1386 4088; baseline 0.006 -26"><span class='ocrx_word' id='word_1_128' title='bbox 284 3995 346 4063; x_wconf 89' lang='lat' dir='ltr'>Ad</span> <span class='ocrx_word' id='word_1_129' title='bbox 379 3995 527 4063; x_wconf 88' lang='lat' dir='ltr'>tertiam</span> <span class='ocrx_word' id='word_1_130' title='bbox 561 3996 622 4063; x_wconf 89' lang='lat' dir='ltr'>SS.</span> <span class='ocrx_word' id='word_1_131' title='bbox 659 3997 858 4066; x_wconf 89' lang='lat' dir='ltr'>Trinitatis</span> <span class='ocrx_word' id='word_1_132' title='bbox 889 4020 1086 4086; x_wconf 87' lang='lat' dir='ltr'>personam</span> <span class='ocrx_word' id='word_1_133' title='bbox 1110 4001 1212 4088; x_wconf 91' lang='lat' dir='ltr'>quod</span> <span class='ocrx_word' id='word_1_134' title='bbox 1232 4001 1386 4085; x_wconf 89' lang='lat' dir='ltr'>attinet,</span> 
     </span>
     <span class='ocr_line' id='line_1_26' title="bbox 239 4120 1393 4212; baseline 0.006 -25"><span class='ocrx_word' id='word_1_135' title='bbox 239 4120 372 4189; x_wconf 89' lang='lat' dir='ltr'>modus</span> <span class='ocrx_word' id='word_1_136' title='bbox 388 4120 635 4206; x_wconf 89' lang='lat' dir='ltr'>processionis</span> <span class='ocrx_word' id='word_1_137' title='bbox 653 4121 818 4208; x_wconf 85' lang='lat' dir='ltr'>Spiritus</span> <span class='ocrx_word' id='word_1_138' title='bbox 841 4124 969 4192; x_wconf 89' lang='lat' dir='ltr'>Sancti</span> <span class='ocrx_word' id='word_1_139' title='bbox 984 4146 1051 4212; x_wconf 90' lang='lat' dir='ltr'>per</span> <span class='ocrx_word' id='word_1_140' title='bbox 1066 4127 1298 4194; x_wconf 89' lang='lat' dir='ltr'>voluntatem</span> <span class='ocrx_word' id='word_1_141' title='bbox 1320 4147 1393 4194; x_wconf 89' lang='lat' dir='ltr'>seu</span> 
     </span>
    </p>
   </div>
   <div class='ocr_carea' id='block_1_11' title="bbox 275 4363 758 4434">
    <p class='ocr_par' dir='ltr' id='par_1_12' title="bbox 275 4363 758 4434">
     <span class='ocr_line' id='line_1_27' title="bbox 275 4363 758 4434; baseline 0.012 -17"><span class='ocrx_word' id='word_1_142' title='bbox 275 4363 341 4419; x_wconf 64' lang='lat'>¹01.</span> <span class='ocrx_word' id='word_1_143' title='bbox 354 4363 445 4420; x_wconf 88' lang='lat' dir='ltr'>Ocno.</span> <span class='ocrx_word' id='word_1_144' title='bbox 455 4365 526 4420; x_wconf 85' lang='lat' dir='ltr'>Vat.</span> <span class='ocrx_word' id='word_1_145' title='bbox 539 4381 611 4420; x_wconf 83' lang='lat' dir='ltr'>sese.</span> <span class='ocrx_word' id='word_1_146' title='bbox 625 4367 680 4434; x_wconf 90' lang='lat'>111,</span> <span class='ocrx_word' id='word_1_147' title='bbox 694 4383 719 4423; x_wconf 88' lang='lat' dir='ltr'>c.</span> <span class='ocrx_word' id='word_1_148' title='bbox 733 4371 758 4423; x_wconf 79' lang='lat'>4.</span> 
     </span>
    </p>
   </div>
   <div class='ocr_carea' id='block_1_12' title="bbox 239 4449 1396 4588">
    <p class='ocr_par' dir='ltr' id='par_1_13' title="bbox 239 4449 1396 4588">
     <span class='ocr_line' id='line_1_28' title="bbox 273 4449 1396 4525; baseline 0.011 -24"><span class='ocrx_word' id='word_1_149' title='bbox 273 4449 354 4502; x_wconf 80' lang='lat' dir='ltr'>&#39;Dua</span> <span class='ocrx_word' id='word_1_150' title='bbox 374 4449 559 4504; x_wconf 77' lang='lat' dir='ltr'>Vertattatee</span> <span class='ocrx_word' id='word_1_151' title='bbox 577 4451 627 4505; x_wconf 81' lang='lat' dir='ltr'>dea</span> <span class='ocrx_word' id='word_1_152' title='bbox 646 4451 854 4520; x_wconf 63' lang='lat' dir='ltr'>namatium</span> <span class='ocrx_word' id='word_1_153' title='bbox 872 4470 910 4509; x_wconf 80' lang='lat' dir='ltr'>zu</span> <span class='ocrx_word' id='word_1_154' title='bbox 929 4456 981 4509; x_wconf 77' lang='lat' dir='ltr'>der</span> <span class='ocrx_word' id='word_1_155' title='bbox 998 4457 1211 4525; x_wconf 71' lang='lat' dir='ltr'>theoloptecten</span> <span class='ocrx_word' id='word_1_156' title='bbox 1223 4457 1396 4520; x_wconf 65' lang='lat' dir='ltr'>&amp;hamatile</span> 
     </span>
     <span class='ocr_line' id='line_1_29' title="bbox 239 4531 513 4588; baseline 0.015 -4"><span class='ocrx_word' id='word_1_157' title='bbox 239 4531 292 4584; x_wconf 79' lang='lat' dir='ltr'>der</span> <span class='ocrx_word' id='word_1_158' title='bbox 301 4535 439 4586; x_wconf 68' lang='lat' dir='ltr'>meam</span> <span class='ocrx_word' id='word_1_159' title='bbox 449 4534 513 4588; x_wconf 66' lang='grc' dir='ltr'>κίε.</span> 
     </span>
    </p>
   </div>
   <div class='ocr_carea' id='block_1_13' title="bbox 0 0 1571 5317">
    <p class='ocr_par' dir='ltr' id='par_1_14' title="bbox 0 0 1571 5317">
     <span class='ocr_line' id='line_1_30' title="bbox 0 0 1571 5317; baseline 0 0"><span class='ocrx_word' id='word_1_160' title='bbox 0 0 1571 5317; x_wconf 95' lang='lat' dir='ltr'> </span> 
     </span>
    </p>
   </div>
  </div>
 </body>
</html>
