3125 5317
685 670 727 736 13

120 854 319 920 naturae.''
375 853 611 939 Huiusmodi
650 861 772 920 autem
809 854 1006 922 societates
1037 854 1141 921 licite
1173 854 1277 922 effor-

124 986 272 1046 mautur
288 980 324 1046 si
349 980 389 1045 iu
416 980 488 1045 line
509 980 668 1062 intento,
688 980 835 1063 mediis,
856 981 967 1048 modo
994 980 1195 1065 cooptandi
1223 1002 1277 1049 so-

127 1107 209 1187 cios,
236 1106 378 1191 pactis,
399 1105 598 1188 doctrinis,
617 1104 715 1170 nihil
741 1105 1019 1190 reprehensible
1044 1105 1218 1190 habeant,
1242 1113 1280 1174 et

127 1232 277 1299 sicivili
302 1253 349 1298 ac
363 1232 565 1317 religiosae
581 1230 763 1312 societati,
785 1231 824 1296 in
849 1251 925 1317 qua
950 1231 1172 1316 subsistunt,
1194 1232 1277 1299 sub-

128 1357 324 1425 ordinatae
341 1362 530 1424 maneant.

633 1484 772 1532 xxxrv.

171 1644 212 1711 Si
237 1644 450 1729 opificibus,
470 1642 616 1729 proprii
641 1643 730 1709 boui
757 1643 914 1721 intuita,
935 1643 1092 1711 coeundi
1116 1644 1279 1712 facultas

129 1777 181 1838 est
208 1778 269 1858 (ut
295 1770 462 1856 perfecto
493 1774 577 1851 est),
611 1770 706 1855 “jus
732 1789 882 1855 quoque
913 1790 992 1836 esse
1019 1777 1168 1855 oportet
1198 1791 1278 1838 eam

127 1899 241 1964 libere
272 1902 406 1981 optare
435 1895 665 1980 discipliuau
694 1916 832 1981 easque
864 1896 963 1981 leges
996 1916 1091 1982 quae
1115 1897 1279 1964 maxime

129 2023 336 2092 conducere
359 2022 406 2089 ad
433 2022 485 2101 id,
522 2021 623 2107 quod
653 2022 889 2106 propositum
923 2027 989 2105 est,
1024 2022 1276 2109 judicentur”

128 2150 283 2228 scilicet,
309 2153 390 2213 “ut
409 2146 551 2233 singuli
571 2168 590 2213 e
612 2146 790 2213 societate
807 2147 1074 2213 incrementum
1100 2146 1296 2217 bonorum'

128 2274 304 2359 turpioris,
336 2272 494 2349 animae,
531 2271 583 2337 rei
615 2270 828 2353 familiaris,
861 2272 985 2357 quoad
1018 2278 1153 2356 potest,
1184 2294 1278 2341 asse-

128 2406 304 2485 quantur.
345 2396 589 2481 Perspicuum
601 2416 687 2462 vero
703 2403 760 2462 est
776 2396 825 2462 ad
842 2396 1106 2481 perfectionem
1124 2398 1281 2482 pietatis

129 2533 165 2589 ct
196 2543 341 2590 morum
374 2528 555 2608 tanquam
589 2521 637 2587 ad
669 2542 818 2588 causam
845 2521 1085 2607 praecipuam
1118 2523 1281 2609 spectari

131 2656 309 2733 oportere,
336 2668 453 2734 eaque
480 2646 678 2733 potissima
702 2667 815 2713 causa
840 2647 1081 2733 disciplinam
1106 2650 1279 2717 socialem

134 2774 282 2859 penitus
299 2772 599 2858 dirigendam.’'1

640 2933 762 2980 XXXV.

178 3094 386 3181 legitimae
409 3092 640 3160 venditionis
666 3093 835 3160 conditio
860 3101 918 3160 est
942 3094 1154 3162 observatio
1185 3096 1281 3182 justi

137 3220 255 3305 pretii.
307 3219 333 3287 J
336 3226 461 3287 ustum
478 3224 603 3285 auteur
625 3219 789 3303 pretium
807 3224 864 3285 est
880 3239 924 3285 ea
939 3219 1120 3303 pecuniae
1137 3240 1283 3288 summa

138 3366 228 3431 quae
259 3346 424 3432 adequat
455 3346 509 3411 rei
541 3345 685 3411 venalis
713 3345 887 3411 valorem.
955 3344 1063 3412 Unde
1095 3346 1282 3415 immerito

139 3470 301 3538 moderni
318 3469 592 3537 oeconomistae
608 3471 752 3557 justum
778 3470 941 3555 pretium
967 3470 1140 3538 derivant
1164 3492 1187 3538 a
1203 3472 1283 3539 solo

140 3601 329 3663 contractu
341 3595 573 3662 venditionis
585 3594 656 3681 (ita
665 3600 710 3660 ut
720 3593 883 3680 pretium
896 3600 1129 3680 acceptatum
1138 3617 1283 3683 semper

139 3723 275 3807 justum
293 3721 472 3807 habeant)
485 3720 576 3786 dum
593 3727 744 3787 econtra
761 3727 976 3788 contractus
993 3722 1074 3807 ipse
1091 3723 1171 3809 lege
1186 3723 1281 3809 justi

140 3849 245 3933 pretii
264 3848 343 3935 regi
359 3847 480 3914 debet.

636 3955 775 4004 xxxva

184 4115 413 4203 Negotiatio
434 4135 509 4201 qua
534 4136 591 4183 res
615 4136 658 4183 eo
683 4115 809 4182 auimo
826 4122 870 4182 ut
886 4117 1031 4183 lucrum
1048 4126 1284 4205 comparetur

139 4250 309 4309 emuntur
327 4248 444 4327 atque
461 4241 685 4323 renduntur,
706 4241 813 4308 licita
830 4248 910 4324 est;
936 4242 1043 4309 licita
1058 4263 1283 4330 cousequen-

139 4372 191 4433 ter
204 4374 318 4453 atque
334 4366 569 4433 honorabilis
585 4368 854 4435 commercialis
872 4368 1088 4452 speculatio.
