3125 5317
834 634 892 699 ‚14

807 825 918 881 xttx.

222 946 225 952 ¹
337 964 469 1034 Sacrae
482 963 631 1032 litterae
642 965 877 1050 proclamant
893 964 1019 1032 omnia
1035 971 1198 1051 peccata,
1214 972 1303 1033 utut
1317 966 1439 1034 multa

149 1089 152 1098 ’
194 1120 197 1126 ’
288 1097 326 1161 et·
350 1091 503 1174 atrocia,
525 1111 611 1161 vere
628 1090 862 1177 poenitentia
878 1111 986 1176 Posse
1009 1091 1179 1178 expiari:
1207 1092 1296 1160 huic
1313 1099 1438 1161 autem

288 1217 440 1289 veritati
470 1237 545 1285 non
573 1223 818 1304 opponuntur
834 1218 946 1284 verba
962 1216 1106 1286 Christi
1131 1217 1178 1288 de
1204 1219 1439 1305 blasphemia

256 1324 259 1335 ¹
288 1347 329 1416 in
359 1344 544 1432 Spiritum
569 1343 746 1411 Sanctum
774 1344 898 1430 (Matt.
930 1343 1179 1427 x11.‚22:32;
1214 1345 1328 1414 Marc.
1350 1347 1434 1431 ΙΙΙ.,

290 1471 758 1555 21-30;·Luo.XII.,10):
786 1490 852 1536 nec
869 1470 980 1538 verba
1004 1471 1130 1538 Sancti
1158 1471 1272 1539 Pauli
1298 1473 1344 1541 de
1370 1473 1438 1541 im-

289 1598 543 1692 possibilitate
564 1595 817 1666 renovationis
841 1595 889 1662 ad
914 1596 1184 1683 poenitentiam
1202 1598 1330 1685 (Hebr.
1350 1599 1434 1684 VI„

291 1733 384 1814 1-8);
411 1748 477 1794 nec
504 1725 652 1798 demum
673 1723 784 1790 verba
812 1723 938 1791 Sancti
964 1724 1123 1794 Joannis
1143 1724 1189 1792 de
1211 1733 1363 1812 peccato
1389 1729 1440 1798 ad

291 1859 445 1926 mortem
465 1852 508 1940 (I.
530 1850 651 1937 Epist.
672 1850 734 1934 V„
756 1852 831 1931 16.)

846 2009 881 2064 Ia.

333 2135 456 2202 Datur
467 2137 705 2220 praeceptum
716 2151 764 2196 ex
775 2151 814 2196 se
823 2129 990 2216 graviter
999 2130 1438 2222 obligansadeleemosy-

288 2281 375 2331 nam
404 2257 611 2346 aliquando
627 2255 891 2342 elargiendam.
944 2255 1134 2324 Nimirum
1167 2259 1257 2327 “ubi
1282 2262 1438 2329 necessi-

289 2388 361 2456 tati
392 2385 486 2454 sntis
503 2389 541 2451 et
568 2384 701 2449 decoro
714 2381 857 2464 datum,
878 2381 1039 2448 officium
1055 2390 1113 2451 est
1128 2384 1175 2451 de
1200 2407 1243 2453 eo
1260 2388 1361 2474 quod
1378 2409 1439 2456 su·

289 2519 397 2604 perat
421 2508 625 2598 gratificari
653 2505 925 2593 indigentibus.
978 2507 1013 2573 N
1017 2529 1063 2575 on
1093 2509 1260 2596 justitae,
1281 2520 1440 2600 excepto

289 2642 328 2710 in
355 2639 465 2707 rebus
481 2634 670 2716 extremis,
691 2633 812 2701 officia
835 2633 909 2700 ista
937 2643 1036 2720 sunt,
1058 2636 1121 2703 sed
1136 2637 1305 2707 caritatis
1322 2640 1439 2708 chris-

291 2767 428 2849 tianae,
450 2781 560 2850 quam
590 2758 757 2846 proiecto
781 2760 861 2845 lege
888 2761 1032 2846 agendo
1057 2768 1181 2847 petere
1197 2764 1259 2851 jus
1275 2786 1349 2832 uon
1366 2774 1436 2834 est.

291 2894 361 2962 Sed
380 2890 527 2978 legibus
539 2884 770 2976 judiciisque
788 2885 993 2970 hominum,
1015 2887 1077 2955 lex
1094 2891 1284 2960 antecedit
1299 2893 1438 2981 judici-

288 3039 426 3106 umque
449 3013 592 3085 Christi
611 3011 694 3095 Dei,
715 3011 780 3098 qui
808 3012 940 3080 multis
957 3013 1077 3081 modis
1093 3017 1228 3084 suadet
1243 3027 1440 3088 consuetu-

289 3147 415 3216 dinem
441 3138 689 3227 largiendi.''1

473 3284 578 3352 Vidit
596 3284 712 3349 Sacro
729 3281 925 3367 Facetias,

380 3415 415 3482 J.
445 3413 691 3492 Sonnouourt
712 3430 747 3494 p.
768 3413 796 3476 t.
818 3408 1001 3477 Deconns.

382 3524 416 3591 S.
445 3521 647 3600 Messenen,
669 3538 703 3603 p.
726 3525 752 3584 t.
775 3539 797 3584 a
816 3518 984 3586 Secretis.

739 3675 845 3742 Vidit
860 3677 994 3744 nector
1019 3679 1295 3763 Unioerritctis‚

902 3795 912 3816 ’
936 3785 972 3852 J.
1002 3785 1037 3854 J.
1066 3788 1251 3875 KEANE,

1011 3896 1225 3983 Episcopus
1240 3899 1389 3968 lacten.

294 4041 552 4060 —-—---—
750 4041 905 4048 —-—
957 4045 968 4048 -
1051 4045 1129 4051 -..,.
1184 4048 1195 4052 ,

325 4115 398 4168 ¹Leo
411 4109 507 4172 xm..
522 4107 622 4160 const.
638 4105 750 4158 Rerum
762 4121 912 4159 novarum.
998 4127 1001 4130 ·
