3125 5317
795 615 839 675 10

242 812 356 878 paras
366 789 557 878 conceptu
570 792 794 873 continetur,
808 798 933 861 tamen
945 813 1071 861 verum
1087 791 1295 880 Aquinatis
1310 811 1394 860 sen·

243 939 325 986 sum
369 917 520 1004 assequi
559 919 668 986 nobis
707 940 783 987 non
815 918 992 987 videntur
1023 920 1063 1003 ii,
1100 919 1166 1007 qui
1202 923 1390 1000 asserunt,

242 1042 472 1130 Aquinatem
489 1042 699 1111 doctrinam
716 1044 889 1128 dogmate
902 1065 1116 1130 expressam
1130 1065 1204 1110 non
1220 1063 1390 1129 negasse,

153 1227 154 1230 ,
243 1173 281 1236 et
297 1170 379 1256 ejus
395 1174 544 1237 tantum
563 1169 863 1256 terminologiam
880 1171 928 1238 ab
944 1191 998 1256 ea,
1019 1190 1115 1257 quae
1139 1190 1238 1237 nunc
1262 1190 1286 1237 a
1309 1168 1394 1236 the·

244 1277 363 1364 ologis
381 1284 596 1365 usurpatur,
617 1279 778 1346 differre.
835 1363 840 1370 ¹

775 1474 857 1520 XIX.

290 1612 473 1682 Doctrina
504 1619 561 1682 est
592 1614 790 1699 catholica,
824 1615 979 1682 Beatam
1013 1614 1209 1702 Virginem
1234 1612 1397 1703 speciali

246 1738 317 1806 Dei
341 1739 539 1828 privilegio
564 1741 611 1807 ab
635 1741 736 1808 omni
762 1745 915 1827 peccato
940 1740 1092 1824 actuali,
1124 1746 1203 1807 tam
1237 1738 1396 1808 mortali

246 1883 358 1951 quam
376 1866 513 1933 veniali
543 1866 736 1935 exstitisse
760 1868 975 1934 immunem.
1028 1867 1144 1935 Ratio
1167 1889 1253 1934 vero
1277 1867 1398 1953 huius

246 1989 500 2058 immunitatis
520 1993 722 2077 repetenda
738 1999 796 2060 est
820 2014 904 2060 oum
928 2015 976 2060 ex
1000 1994 1099 2060 douo
1124 1992 1399 2078 impeccantiae

247 2114 400 2201 Virgini
418 2115 457 2182 in
474 2117 596 2202 prima
613 2117 909 2185 sanctificatione
933 2119 1082 2202 collato,
1106 2123 1187 2184 tum
1211 2138 1258 2183 ex
1282 2115 1399 2183 donis

246 2241 542 2309 confirmationis
566 2242 606 2308 in
630 2243 754 2328 gratia
777 2250 816 2310 et
839 2243 1027 2329 perfectae
1051 2242 1330 2310 confirmatonis
1353 2241 1401 2308 in

244 2368 352 2451 bone,
374 2368 512 2457 quibus
528 2369 742 2436 continetur
759 2370 899 2436 donum
917 2368 1260 2455 impeccabilitatis.

789 2584 854 2628 XX.

293 2721 505 2789 Tenendum
531 2729 587 2791 est
611 2744 694 2790 cum
720 2723 908 2790 communi
932 2728 971 2790 et
994 2724 1181 2791 constanti
1208 2721 1401 2788 Ecclesiae

247 2867 369 2930 sensu,
407 2848 670 2915 Beatissimam
704 2848 913 2935 Virginem,
949 2849 1022 2917 etsi
1053 2849 1101 2915 ab
1133 2847 1234 2915 omni
1267 2846 1401 2913 debito

248 2973 398 3058 poenali
431 2975 563 3041 mortis
588 2974 707 3041 libera
731 2976 894 3058 exstitit,
923 2981 1048 3042 tamen
1073 2974 1218 3041 ratione
1242 2994 1398 3040 oecono-

246 3097 343 3166 miae
359 3099 630 3185 redemptionis
647 3101 837 3168 mediante
856 3105 973 3167 morte
989 3120 1009 3166 e
1026 3099 1136 3166 terris
1153 3099 1345 3184 migrasse.

783 3297 865 3343 xx1.

296 3436 350 3502 Ea
366 3441 424 3502 est
440 3436 628 3503 Ecclesiae
645 3457 748 3502 mens
764 3436 803 3501 in
821 3436 1042 3503 celebrando
1059 3436 1121 3502 die
1137 3435 1234 3502 festo
1259 3434 1401 3502 dormi·

250 3561 366 3629 tionis
398 3562 455 3629 vel
489 3561 759 3646 assumptionis
785 3562 827 3627 Β.
849 3561 1032 3646 Virginis,
1066 3567 1110 3627 ut
1136 3562 1219 3647 eius
1247 3580 1403 3647 quoque

251 3687 529 3755 sanctissimum
570 3708 704 3772 corpus
743 3687 995 3772 corruptionis
1035 3685 1280 3773 ignominiam
1322 3706 1403 3752 non

251 3812 421 3898 subiisse,
455 3815 519 3881 sed
552 3814 591 3879 in
618 3813 813 3880 coelestem
838 3812 998 3898 gloriam
1026 3812 1254 3900 resurgendo
1278 3810 1404 3879 fuisse

252 3940 477 4007 translatum
495 3939 692 4026 significet.

774 4101 873 4149 xx11.
961 4122 963 4125 ·

297 4256 515 4326 Catholicae
543 4257 736 4324 doctrinae
771 4261 810 4323 et
835 4257 1014 4324 scientiae
1041 4257 1273 4342 theologicae
1300 4258 1404 4325 male

250 4384 452 4451 consulunt
483 4383 522 4460 ii,
559 4383 625 4470 qui
657 4383 949 4469 assumptionem
980 4383 1167 4468 Deiparae
1198 4383 1246 4450 ad
1278 4382 1407 4451 instar

252 4508 346 4578 facti
362 4510 568 4597 cujuslibet
582 4509 755 4577 historici
773 4509 1004 4597 argumentis
1020 4531 1040 4578 e
1073 4515 1097 4548 “
1108 4509 1297 4578 catholica
1323 4510 1406 4579 his-
