3125 5317
675 670 716 733 11

130 853 243 931 aliquo
260 850 534 939 contingente:
561 853 637 940 iam
662 871 748 918 vero
772 849 915 918 facturn
935 848 1173 935 primitivum
1191 870 1272 937 pro·

127 977 313 1065 prietatem
340 977 513 1045 fundans
541 998 615 1045 non
640 983 696 1044 est
722 978 826 1044 solus
847 975 965 1063 labor,
986 974 1051 1043 scd
1076 979 1133 1042 est
1158 975 1272 1043 etiam

126 1102 324 1188 occupatio.

637 1212 749 1261 xxvr.

162 1368 259 1437 Vani
277 1380 377 1438 sunt
394 1370 460 1451 qui
478 1390 524 1438 ex
540 1371 624 1437 Act.
646 1370 779 1455 Apost.
797 1368 865 1453 IV,
887 1374 1149 1456 argumentum
1165 1368 1270 1436 desu·

6 1509 7 1520 ¹
123 1502 219 1561 nunt
233 1516 306 1581 pro
328 1495 613 1565 communismo:
633 1496 673 1561 in
690 1494 761 1563 hoc
773 1494 871 1563 enim
891 1496 972 1561 loco
985 1514 1059 1561 non
1072 1494 1273 1562 exhibetur

120 1622 308 1688 institutio
346 1621 498 1690 socialis
519 1620 694 1689 omnibns
719 1620 951 1688 Christianis
980 1620 1185 1705 proposita,
1206 1620 1271 1687 sed

120 1746 348 1814 describitur
363 1746 585 1815 exercitium
602 1747 763 1813 liberum
780 1745 931 1813 consilii
949 1746 1167 1832 evangelici.

636 1924 763 1973 XXVII.

157 2066 224 2133 Est
250 2068 295 2133 in
330 2067 482 2135 homine
509 2068 572 2153 jus
600 2065 846 2152 primordiale
875 2066 991 2132 vitam
1017 2065 1143 2133 labore
1159 2086 1270 2152 quae·

117 2194 239 2259 rendi:
268 2213 351 2260 non
368 2199 570 2260 esttamen
587 2192 718 2259 stricte
750 2192 898 2259 dictum
913 2194 975 2278 jus
1003 2192 1165 2258 laborem
1193 2191 1270 2257 exi-

116 2318 221 2405 gendi
239 2318 329 2385 sive
345 2320 393 2386 ab
409 2319 498 2387 aliis
515 2318 732 2385 concivibus
749 2319 828 2384 sive
845 2340 867 2386 a
892 2318 1174 2386 communitate.

623 2480 767 2529 XXVIII.

154 2605 412 2690 Agnoscenda
428 2610 487 2672 est
502 2604 648 2671 civibus
667 2604 824 2671 libertas
841 2604 1008 2692 eligendi
1033 2604 1173 2671 laboris
1194 2624 1269 2671 ma·

116 2731 258 2814 teriam,
275 2730 512 2813 methodum,
527 2731 836 2814 locum,·tempus:
864 2730 954 2797 haec
972 2731 1127 2797 libertas
1144 2730 1272 2797 subest

115 2856 266 2941 quidem
313 2855 562 2923 moderationi
596 2855 837 2922 auctoritatis
871 2855 1032 2939 socialis,
1062 2875 1157 2941 quae
1189 2874 1269 2921 earn
1366 2828 1370 2837 ⁸

114 2981 196 3047 boni
214 2981 433 3049 communis
450 3001 565 3048 causa
581 2980 746 3047 limitare
762 2980 969 3067 aliquando
986 2982 1096 3064 valet,
1117 2978 1271 3047 minime

115 3116 239 3175 tamen
257 3107 421 3175 limitari
439 3112 566 3193 potest
582 3127 605 3173 a
621 3106 795 3192 privatis:
823 3106 912 3173 hinc
929 3106 1093 3193 injuriae
1111 3105 1163 3171 rei
1182 3111 1271 3172 sunt

115 3234 176 3319 qui
191 3234 231 3300 vi
251 3240 297 3301 et
311 3242 414 3301 metu
431 3233 584 3319 opifices
602 3253 625 3299 a
643 3233 770 3300 labore
788 3239 989 3300 removent.

636 3394 748 3442 XXIX.

157 3544 182 3575 “
193 3537 294 3604 Esto
309 3544 355 3603 ut
370 3536 503 3622 opifex
520 3542 634 3621 atque
651 3535 764 3602 herus
781 3535 897 3601 libere
914 3535 955 3601 in
972 3536 1071 3602 idem
1085 3535 1269 3620 placitum

111 3681 151 3729 ao
165 3662 397 3730 nominatim
415 3661 455 3727 in
473 3661 604 3729 salarii
620 3660 772 3728 modum
791 3661 1043 3745 consentiant3
1069 3662 1197 3730 subest
1214 3669 1269 3731 ta·

111 3807 192 3854 men
220 3808 370 3874 semper
392 3786 540 3874 aliquid
565 3808 613 3854 ex
636 3787 790 3874 justitia
808 3787 987 3871 naturali,
1010 3788 1124 3869 idque
1151 3789 1269 3859 libera

111 3913 387 3998 paciscentium
414 3912 610 4010 voluntate
642 3914 765 3999 majus
797 3920 835 3980 et
867 3913 1076 3999 antiquins,
1108 3915 1264 4001 scilicet,

112 4038 253 4105 alendo
272 4038 409 4124 opifici,
429 4038 530 4124 frugi
549 4039 699 4124 quidem
728 4044 766 4105 et
788 4038 880 4105 bene
905 4045 1060 4120 morato
1082 4040 1184 4107 haud
1201 4040 1268 4106 im-

113 4184 244 4247 parem
272 4184 352 4230 esse
376 4164 580 4230 mercedem
609 4171 790 4250 oportere.
842 4164 950 4244 Quod
980 4164 1011 4230 si
1047 4165 1269 4233 necessitate

112 4288 249 4374 opifex
274 4294 425 4356 coactus
441 4296 508 4356 aut
523 4289 614 4355 mali
640 4290 779 4377 pejoris
799 4297 901 4357 metu
919 4296 1122 4375 permotus,
1143 4292 1268 4358 durio·

114 4436 192 4481 rern
216 4414 476 4483 conditionem
497 4415 671 4501 accipiat,
698 4436 795 4497 quae
819 4416 968 4485 etiamsi
994 4418 1101 4501 nolit,
1131 4417 1267 4503 accipi-

112 4541 210 4610 enda
227 4540 295 4623 sit,
318 4540 416 4631 quod
439 4540 631 4609 adomino
648 4543 705 4610 vel
723 4564 746 4612 a
769 4541 1003 4629 redemptore
1027 4562 1185 4639 operum
1201 4543 1266 4610 im-
