3125 5317
816 626 858 689 14

765 826 908 876 XXXVI.

312 968 382 1036 “In
411 970 521 1037 rebus
548 968 637 1036 fidei
665 976 703 1036 et
743 988 899 1051 morum,
923 967 972 1034 ad
997 965 1297 1036 aedificationem
1321 964 1406 1032 fidei

262 1094 492 1163 christianae
531 1093 815 1181 pertinentium,
851 1094 884 1161 is
919 1113 988 1181 pro
1020 1113 1106 1161 vero
1146 1112 1270 1161 sensu.
1285 1111 1408 1159 sacrae

263 1220 479 1313 Scripturas
507 1220 703 1289 habendus
730 1226 798 1305 est,
819 1239 929 1307 quem
947 1219 1072 1287 tenuit
1099 1240 1142 1286 ac
1159 1222 1262 1286 tenet
1281 1222 1408 1285 sancta

263 1346 385 1415 Mater
401 1346 579 1433 Ecclesia,
600 1347 709 1435 cuius
725 1353 783 1415 est
806 1346 976 1434 judicare
1000 1346 1149 1413 devoro
1166 1364 1277 1412 sensu
1301 1349 1339 1412 et
1354 1343 1408 1409 in-

262 1473 531 1560 terpretatione
548 1474 820 1561 scripturarum
837 1472 1094 1541 sanctarum.’'
1110 1474 1123 1523 1

758 1688 915 1737 XXXVII.

300 1846 413 1915 'Inter
429 1823 633 1935 systemata
651 1849 700 1916 ad
717 1847 936 1935 synopticas
952 1847 1152 1915 relationes
1169 1845 1284 1913 trium
1300 1864 1410 1911 evan·

260 1974 443 2061 galiorum
470 1975 718 2062 explicandas
744 1975 969 2061 excogitata,
994 1975 1092 2042 illud
1118 1973 1234 2042 oralis
1259 1970 1407 2040 traditi-

261 2099 345 2168 onis
362 2100 476 2169 etiam
494 2121 593 2169 nuuc
603 2102 756 2170 defendi
769 2107 895 2189 potest
907 2106 945 2170 et
958 2122 980 2169 a
993 2100 1124 2168 multis
1134 2101 1405 2187 propugnatur.

751 2316 924 2365 XXXVIII.

313 2455 514 2525 “Studiose
542 2457 836 2545 dignoscendum
865 2464 922 2525 est
950 2458 991 2523 in
1012 2463 1224 2525 sanctorum
1253 2455 1412 2521 Patrum

263 2582 501 2666 testimoniis,
523 2603 706 2670 quaenam
724 2605 853 2671 reapse
870 2583 1025 2652 tradant
1045 2589 1226 2669 tanquam
1243 2585 1412 2668 spectan-

263 2706 318 2775 tia
338 2709 395 2783 wad
423 2709 533 2777 fidem
563 2716 630 2777 aut
658 2730 802 2778 cumea
826 2709 990 2778 maxime
1018 2708 1205 2795 copulata,
1226 2726 1413 2793 quaenam

263 2834 433 2901 unanimi
451 2836 606 2904 tradant
622 2855 818 2920 consensu3
844 2855 1005 2922 namque
1032 2836 1070 2901 in
1095 2833 1157 2901 his
1174 2833 1333 2920 quaeda
1350 2853 1414 2899 ne·

263 2960 437 3064 cessitate
454 2960 542 3028 fidei
558 2981 633 3029 non
650 2967 749 3046 sunt,
770 2961 883 3029 licuit
900 2961 1040 3028 sanctis
1064 2959 1314 3027 diversimode
1331 2959 1416 3045 opi-

263 3085 357 3170 nari,
379 3086 478 3154 sicut
494 3093 532 3155 et
548 3086 730 3155 nobis.”2

764 3268 904 3316 XXXIX.

309 3408 523 3476 Sententiae
562 3409 596 3476 S.
634 3409 806 3497 Gregorii
842 3409 971 3497 Magni
1007 3408 1266 3477 adhaeremus:
1307 3406 1415 3493 quod

263 3533 359 3601 duae
376 3534 564 3602 orationes
588 3536 628 3602 in
653 3540 779 3603 monte
796 3537 876 3604 siut
899 3535 1190 3622 distinguendae
1214 3534 1360 3620 (Mara,
1381 3554 1413 3600 c.

262 3662 293 3743 6,
315 3663 347 3743 6,
368 3665 405 3727 et
422 3662 469 3745 7),
490 3667 528 3729 et
545 3660 664 3745 (Luc,
685 3666 716 3744 6,
738 3664 881 3747 2049);
906 3660 997 3746 quia
1021 3660 1135 3744 locus,
1155 3666 1316 3745 tempus,
1338 3680 1420 3726 ma-

264 3786 359 3853 teria
377 3792 415 3855 et
430 3787 551 3855 forma
567 3808 777 3856 sermonum
802 3788 994 3855 differunt.

775 4000 897 4048 XXXX.

310 4140 383 4209 Hic
406 4142 510 4208 locus
527 4142 647 4227 (Luc,
668 4146 699 4225 1,
719 4144 793 4227 4o):
832 4141 977 4209 “beata
1025 4193 1033 4207 .
1086 4189 1094 4205 .
1144 4193 1151 4206 .
1202 4140 1416 4226 quoniam’'

263 4287 347 4335 cum
364 4267 552 4353 particula
570 4267 712 4335 causali
734 4267 924 4353 quoniam,
944 4266 1046 4336 utin
1063 4266 1241 4353 Vulgata,
1263 4287 1423 4336 accura-

299 4464 306 4487 ¹
322 4462 414 4516 Ocno.
428 4461 538 4527 Vatlc,
553 4476 624 4515 sess.
639 4462 693 4530 111,
706 4476 733 4516 o.
747 4463 786 4529 ll,
801 4462 840 4517 de
851 4462 957 4521 Ravel.

298 4551 307 4576 ¹
323 4547 394 4601 mat
409 4546 701 4605 Provideutlsslmns
714 4546 805 4606 Dens.
