3125 5317
665 460 708 537 15

135 648 268 746 spondet
289 654 556 741 primordialis
580 653 736 721 affectus
760 652 839 741 qui,
860 652 902 720 in
918 653 1051 721 ordine
1074 649 1254 738 naturali,

135 802 217 851 anor
229 780 284 849 sui
308 788 350 849 et
371 780 544 867 proximi
560 779 724 862 dicitur3
749 779 791 845 iu
807 779 939 847 ordine
963 781 1255 868 supernaturali,

133 907 274 975 nobilius
289 906 471 974 caritatis
494 924 626 974 nomen
650 904 801 990 accipit.
853 904 897 970 In
922 924 966 972 ea
989 910 1115 973 autem
1136 926 1258 973 recen·

131 1034 247 1101 tiomm
259 1030 410 1100 theoria
422 1052 510 1119 qua,
527 1030 678 1117 utrique
689 1030 842 1098 caritati
860 1030 1058 1115 ElgOIsmus
1074 1037 1113 1099 et
1130 1032 1258 1099 Altru-

131 1160 227 1225 ismns
240 1158 541 1242 substituuntur,
556 1155 768 1223 invenimus
780 1154 937 1243 quidem
948 1175 1064 1223 novas
1076 1156 1258 1224 formulas

16 1333 17 1356 l
129 1292 235 1351 etnon
257 1302 404 1369 paucas
420 1281 538 1349 falsas
560 1280 797 1364 assertiones,
818 1278 971 1347 minime
987 1286 1112 1349 tamen
1130 1281 1258 1368 depre-

129 1407 310 1477 hendimus
328 1406 612 1494 profundiorem
630 1404 833 1473 affectuum
850 1405 1049 1491 analysim.

653 1634 763 1683 xnvl.

165 1794 244 1863 “Ad
266 1793 514 1881 dilectionem
538 1792 702 1880 proximi
726 1792 892 1879 pertinet
915 1800 960 1860 ut
982 1793 1157 1879 proximo
1182 1815 1257 1864 uon

126 1922 227 1989 solum
252 1920 418 1989 velimus
440 1919 580 1988 bonum
604 1919 668 1985 sed
693 1918 809 1986 ctiam
834 1938 1039 2006 operemur.
1103 1920 1164 1988 Ad
1189 1921 1259 1990 hoc

125 2054 232 2115 autem
257 2046 365 2134 qnod
390 2046 548 2114 velimus
563 2050 602 2113 et
624 2065 820 2131 operemur
842 2045 982 2114 bonum
1007 2046 1182 2135 alicuius,
1204 2069 1257 2115 re·

126 2172 274 2258 quiritur
298 2172 405 2258 quod
428 2173 512 2259 ejus
535 2168 751 2238 necessitati
776 2170 1064 2256 subveniamus3
1089 2172 1191 2259 quod
1216 2173 1259 2240 fit

126 2318 180 2382 per
192 2297 514 2381 eleemosynarum
530 2294 769 2384 largitionem
786 2301 824 2364 et
841 2296 926 2365 ideo
938 2297 1256 2383 eleemosynarum

126 2422 262 2510 largitio
277 2428 341 2491 est
355 2422 395 2490 in
411 2424 674 2509 praecepto.”1

625 2636 751 2685 XLVII.

161 2794 268 2863 Hand
284 2794 400 2881 pauci
418 2799 548 2863 nostra
571 2801 695 2863 aetate
719 2794 830 2881 praxi
851 2794 1107 2890 eleemosynae
1130 2795 1257 2864 adver-

124 2926 239 2988 santur
273 2920 429 2989 nomine
459 2920 733 3007 principiorum
767 2919 1060 3005 evolationismi,
1096 2942 1256 2990 commu·

126 3046 237 3114 nisimi
261 3053 305 3115 et
330 3046 529 3134 cujusdam
552 3045 787 3114 oeconomiae
813 3044 1011 3131 politicae:
1042 3052 1172 3115 contra
1194 3068 1257 3117 eos

123 3190 391 3274 pmpngnamus
415 3171 688 3258 eleemosynam
712 3170 851 3239 factam
876 3175 921 3238 ut
947 3177 1106 3258 oportet,
1136 3192 1256 3259 neque

126 3294 274 3365 humano
298 3296 529 3384 progressui,
556 3315 676 3383 neque
700 3295 886 3364 humanae
914 3295 1107 3383 dignitati,
1136 3316 1257 3384 neque

125 3421 297 3491 hnmanae
314 3421 507 3490 activitati
522 3421 712 3490 ullomodo
729 3422 887 3507 obstare,
909 3422 974 3489 sed
991 3427 1142 3491 econtra
1159 3422 1257 3492 bono

125 3545 343 3616 individuali
361 3568 405 3616 ac
422 3546 552 3615 sociali
568 3566 792 3634 magnopere
808 3546 951 3615 lavere.

615 3756 757 3806 XLVIII.

163 3932 260 4003 Licet
272 3936 356 4022 lege
367 3934 623 4019 eleemosynae
634 3932 829 4001 faciendae
845 3932 1025 4020 primario
1042 3940 1080 4003 et
1096 3934 1260 4003 maxime

128 4063 311 4127 teneantur
322 4058 495 4127 homines
505 4057 656 4144 privati,
671 4056 921 4126 nihilominus
934 4058 1020 4144 ipsa
1030 4060 1144 4129 etiam
1163 4080 1259 4129 com·

16 4173 17 4264 s
128 4186 277 4253 munitas
301 4184 383 4253 suis
398 4183 574 4252 membris
589 4183 816 4271 quaudoque
835 4184 1032 4253 subvenire
1052 4186 1260 4275 obligatum

160 4377 356 4447 'arnonae
370 4380 600 4447 aptast.
