3125 5317
842 536 886 616 lo

804 762 915 811 XXVI.

329 917 502 990 Christus
513 921 718 990 Ecclesiam
741 942 847 989 suam
884 923 1055 990 instituit
1077 930 1121 989 ut
1137 944 1260 991 veram
1279 924 1432 992 societa-

282 1052 368 1114 tem.

800 1175 927 1223 xxvrr.

328 1332 486 1412 Quando
503 1334 550 1400 de
567 1354 652 1400 vera
668 1332 837 1399 Ecclesia
853 1332 996 1401 Christi
1017 1334 1188 1420 quaestio
1204 1334 1258 1417 fit,
1286 1336 1363 1422 jam
1387 1356 1436 1402 ex

284 1458 363 1523 sola
379 1458 615 1543 expositione
633 1457 813 1525 historica
830 1465 953 1525 status
977 1459 1212 1544 quaestionis
1229 1459 1435 1527 catholicos

283 1582 383 1649 inter
410 1591 447 1650 et
475 1589 726 1669 protestantes
752 1582 952 1650 manifesto
978 1590 1084 1669 patet
1109 1605 1158 1651 ex
1183 1585 1278 1671 ipsis
1299 1585 1433 1652 funda-

280 1708 507 1776 mentalibus
521 1708 816 1775 Reformationis
828 1708 1029 1794 principiis
1039 1710 1190 1776 excludi
1208 1730 1354 1777 omnem
1367 1731 1431 1777 no-

285 1834 424 1901 tionem
453 1834 629 1901 ecclesiae
656 1834 843 1900 divinitus
871 1855 893 1901 a
918 1834 1068 1903 Christo
1095 1835 1295 1902 institutae
1322 1842 1436 1921 atque

283 1960 375 2027 adeo
404 1960 443 2025 in
476 1960 588 2026 sectis
615 1948 905 2045 protestantium
938 1961 1079 2027 nullam
1121 1980 1201 2027 esse
1240 1960 1434 2027 ecclesiam

285 2084 439 2153 Christi.

791 2196 936 2245 xxvrrr.

329 2354 498 2423 Ecclesia
524 2354 666 2424 Christi
685 2355 741 2422 ita
763 2361 821 2422 est
842 2355 1050 2423 formaliter
1067 2354 1244 2439 visibilis,
1266 2376 1331 2422 seu
1344 2355 1433 2422 visi·

283 2480 372 2547 bilis
395 2481 452 2547 uti
471 2502 557 2548 vera
582 2481 747 2565 ecclesia,
769 2489 813 2548 ut
839 2502 887 2548 ex
915 2481 1058 2550 Christi
1087 2481 1329 2549 institutione
1346 2481 1435 2548 visi-

284 2604 415 2672 bilitas
432 2606 480 2673 ad
498 2606 618 2691 ipsam
636 2607 717 2693 eJ'us
735 2605 935 2674 essentiam
954 2605 1154 2692 pertineat.

802 2817 914 2865 XXIX.

330 2992 416 3060 Non
430 2998 577 3059 tantum
590 2993 695 3059 nulla
708 3011 872 3077 unquam
884 2991 960 3059 fuit
970 3012 1091 3078 neque
1109 2992 1187 3060 ulla
1202 2992 1435 3080 usquemodo

284 3124 342 3184 est
358 3124 396 3184 et
411 3138 490 3185 esse
506 3123 631 3203 potest
643 3119 764 3204 'juxta
794 3117 982 3202 principia
998 3119 1269 3203 protestantica
1285 3119 1436 3205 proprie

285 3244 389 3310 diota
421 3243 598 3325 Ecclesia,
635 3242 699 3320 sed
726 3242 840 3309 etiam
866 3243 1005 3310 oooulti
1036 3244 1096 3309 illi
1129 3243 1261 3327 sancti,
1297 3244 1437 3330 quibus

284 3367 476 3435 ecclesiam
506 3366 734 3463 invisibilem
762 3368 943 3435 constitui
970 3373 1008 3434 et
1036 3374 1205 3436 constare
1233 3375 1436 3436 autumant

285 3514 476 3581 nunquam
494 3500 531 3561 et
548 3512 733 3581 nusquam
746 3494 976 3561 exstiterunt
991 3500 1030 3560 et
1046 3495 1094 3561 ad
1112 3494 1241 3564 inania
1257 3496 1435 3583 figmenta

286 3626 375 3687 sunt
391 3619 594 3705 relegandi.

812 3747 905 3795 xxx.

330 3906 438 3974 Finis
455 3925 564 3992 quem
582 3905 653 3972 sibi
673 3905 847 3974 Christus
864 3906 1085 3991 praestituit
1101 3906 1141 3973 in
1154 3906 1310 3975 ecelesia
1327 3905 1433 3974 insti-

285 4032 427 4100 tuenda
443 4031 518 4098 fuit
534 4036 578 4097 ut
595 4031 634 4096 in
651 4052 695 4098 ea
710 4038 749 4098 et
760 4052 827 4117 per
842 4053 923 4099 earn
951 4051 1147 4118 perennem
1174 4032 1312 4100 faceret
1328 4053 1434 4099 suam

286 4159 473 4226 visibilem
498 4157 537 4223 in
565 4156 674 4225 terris
700 4157 915 4225 missionem
943 4159 1108 4245 adeoque
1137 4164 1181 4226 ut
1196 4179 1263 4245 per
1278 4179 1358 4226 eam
1376 4179 1433 4226 ae-

286 4290 427 4352 ternam
465 4282 657 4351 hominurn
699 4287 858 4352 salutem
898 4284 1132 4371 procurando
1164 4284 1235 4352 Dei
1275 4284 1434 4371 gloriam

287 4415 528 4495 promoveret.
