3125 5317
540 1566 866 1679 THESES.

691 1877 716 1923 i.

175 2018 310 2084 Scienre
323 2020 402 2085 and
419 2019 587 2103 religion
601 2018 742 2103 'haring
752 2017 844 2084 each
856 2018 1120 2085 theirallotterl
1132 2016 1276 2103 solere,

141 2164 175 2207 no
198 2144 340 2211 confiict
370 2166 445 2211 can
475 2144 575 2211 arise
604 2144 765 2209 between
794 2144 894 2209 thern
923 2144 955 2210 if
987 2145 1178 2211 soient-ists
1205 2147 1280 2211 and

139 2266 269 2343 divinoe,
288 2269 411 2335 while
440 2269 555 2353 using
581 2268 682 2333 tlleir
698 2268 837 2353 rights
854 2290 916 2334 are
933 2276 973 2334 at
990 2270 1054 2335 the
1071 2290 1172 2336 same
1190 2270 1280 2337 tinre

140 2392 269 2458 faithful
289 2404 328 2460 to
352 2394 454 2461 their
467 2393 687 2460 correlative
701 2393 826 2459 dnties
840 2394 913 2460 and
927 2394 1022 2479 keep
1033 2395 1167 2461 within
1181 2394 1281 2462 their

139 2520 317 2603 respective
344 2520 477 2586 limits.

500 2624 503 2631 ⁴
679 2630 718 2677 11.

172 2774 296 2838 Contra
340 2772 568 2857 Agnosticos
605 2792 895 2857 propugnamus
932 2771 1002 2837 Dei
1035 2773 1278 2838 existentiam

141 2917 225 2980 losse
241 2900 408 2966 rationis
424 2898 570 2965 lumine
587 2899 847 2965 demonstrari.

671 3078 728 3125 111.

175 3219 234 3286 ilci
260 3220 509 3287 existentiam
539 3220 683 3286 ratione
710 3220 879 3305 cognosci
908 3242 1025 3305 posse,
1058 3222 1195 3287 veritas
1221 3228 1277 3287 est

141 3344 343 3421 rlnistiana‚
377 3346 414 3412 in
449 3346 567 3411 sacris
599 3346 738 3411 litteris
770 3347 869 3413 clare
901 3367 1077 3431 expressa
1110 3348 1278 3431 adeoque

140 3472 251 3538 nerito
269 3494 289 3539 a
310 3472 482 3539 Concilio
494 3471 681 3539 Vaticano
698 3471 884 3537 (letinita..¹

674 3650 727 3697 lv,

176 3791 307 3858 Rerum
330 3792 605 3857 mundanarum
633 3791 892 3877 contingentia
916 3792 1096 3877 supponit
1114 3792 1275 3857 existen·

141 3916 214 3982 tiam
244 3918 339 3982 entis
366 3916 576 3995 necessarii,
599 3936 661 3981 sen
688 3936 710 3981 a
734 3936 783 3999 se,
805 3916 903 4001 qnod
931 3916 981 3981 sit
1002 3916 1152 3982 illarum
1180 3915 1277 3982 ratio

142 4042 320 4109 sufficione.

681 4153 716 4199 v.

177 4292 228 4357 Ex
251 4290 361 4360 'motu
397 4312 517 4358 rerum
554 4292 828 4358 mundanarum
868 4291 1030 4357 infertur
1069 4292 1276 4359 existentia

144 4416 279 4485 lictoris
303 4418 520 4497 immobilis,
541 4420 604 4503 qui
624 4439 709 4485 vero
727 4438 838 4484 sensu
857 4416 958 4483 Dens
975 4424 1042 4483 est.

481 4564 516 4571 --.
703 4565 930 4572 ...-.--.-
957 4566 962 4570 .
978 4564 1272 4575 *Ἣ

183 4632 287 4683 'const
304 4630 366 4682 Dei
378 4629 482 4691 Fa'riaec
496 4632 525 4681 C.
543 4645 563 4682 1,
