3125 5317
513 1194 816 1315 THESES

646 1484 672 1532 1.

139 1644 412 1728 Competentem
437 1642 525 1709 fidei
557 1640 737 1709 salutaris
770 1640 1027 1708 definitionem
1053 1641 1237 1709 exhibent

107 1768 198 1834 verba
228 1767 356 1851 Pauli,
394 1767 488 1835 Heb.
527 1766 594 1852 XI,
631 1771 689 1833 1.:
736 1765 839 1833 “Est
871 1771 996 1833 autem
1032 1766 1124 1833 fides
1157 1786 1235 1851 spe·

106 1892 288 1960 undarum
308 1891 524 1960 substantia
537 1911 671 1975 rerum,
688 1896 948 1977 argumentum
965 1910 1039 1958 non
1056 1910 1236 1977 apparen-

105 2020 222 2085 tium.”

647 2127 689 2175 11.

141 2286 357 2365 “Quoniam
392 2286 472 2352 sine
503 2285 576 2351 fide
611 2282 843 2369 impossibile
875 2290 932 2351 est·
964 2284 1110 2369 plaeere
1142 2283 1232 2367 De0,

101 2421 128 2475 et
143 2410 185 2477 ad
201 2411 368 2477 tiliorum
390 2412 474 2495 ejus
496 2408 723 2476 consortium
747 2408 966 2494 pervenire3
992 2408 1077 2475 ideo
1093 2408 1234 2475 nemini

7 2623 8 2642 χ
101 2571 247 2637 unquam
265 2552 350 2619 sine
367 2552 436 2619 illa
453 2550 612 2637 contigit
628 2550 863 2636 justificatio,
884 2570 950 2617 nec
969 2550 1080 2633 ullus,
1102 2550 1177 2617 nisi
1195 2551 1235 2616 in

7 2651 9 2742 ἶ
100 2698 132 2741 va
145 2677 437 2762 perseveraverit
453 2697 572 2763 usque
590 2677 628 2742 in
645 2676 768 2760 finem,
789 2676 906 2744 vitam
931 2682 1118 2743 aeternam
1137 2697 1233 2744 asse·

103 2804 286 2887 quetur.''l

628 2930 675 2977 111
689 2964 696 2977 .

137 3088 313 3167 Quamvis
326 3088 419 3154 fides
436 3087 488 3154 sit
504 3107 617 3154 eausa
630 3088 760 3173 aliqua
774 3086 1070 3173 justificationis,
1089 3108 1162 3154 non
1180 3094 1237 3155 est

102 3220 207 3279 tumen
232 3218 317 3299 ejus
342 3234 455 3280 causa
473 3212 702 3296 immediata,
725 3212 914 3299 adequata
938 3217 976 3279 et
1001 3214 1109 3298 plene
1132 3235 1178 3279 ex
1196 3236 1234 3281 se

102 3338 284 3405 sufficiens.

639 3465 692 3513 vv,

138 3622 352 3690 Christiano
377 3642 581 3707 numquam
607 3622 713 3689 licitu
737 3627 795 3688 est
818 3621 982 3688 exterior
1007 3621 1092 3688 fidei
1127 3623 1235 3690 abue-

103 3748 205 3830 ‚ratim
232 3756 271 3815 at
287 3747 396 3815 lioita
412 3768 492 3813 esse
508 3752 642 3831 potest,
660 3746 734 3814 imo
751 3746 978 3833 quandoque
995 3746 1233 3833 obligatoria,

104 3872 174 3938 fidei
191 3872 450 3940 dissimulatio
468 3872 524 3939 vel
541 3871 755 3939 occultatio,

641 4116 679 4163 V.

143 4282 163 4313 “
173 4275 292 4343 Juxta
303 4274 503 4360 Evangelii
515 4272 733 4340 testimonia
743 4273 948 4358 primatum
961 4254 1238 4360 jurisdictionis

12 4493 13 4496 Ἴ
108 4399 137 4465 in
151 4401 358 4468 universam
375 4398 447 4466 Dei
462 4397 667 4466 Euolesiam
685 4398 903 4466 immediate
919 4406 957 4467 et
973 4399 1113 4468 directe
1129 4401 1239 4470 beato

1122 4548 1235 4559 -—--.

139 4594 235 4651 'Cone
245 4596 314 4651 Vat.
329 4594 440 4650 const
454 4592 511 4646 Dei
520 4592 629 4659 Filias,
642 4607 665 4645 a
678 4598 703 4645 3.
