3125 5317
845 451 889 518 12

294 627 399 698 sistit
422 629 461 699 in
490 629 587 700 bono
611 630 684 701 toti
710 637 869 703 naturae
897 634 1095 721 communi,
1125 640 1164 704 et
1188 633 1448 714 voluntarias,

293 775 456 842 quarum
479 759 578 826 ratic
601 759 723 826 estin
747 760 868 828 libera
883 762 1078 830 voluntate
1102 761 1385 853 individuorum
1404 763 1454 825 et

293 880 380 950 finis
397 883 572 952 consistit
592 885 746 954 inbono
769 886 881 956 certis
897 889 1115 956 hominibus
1139 887 1306 974 proprio.
1354 886 1454 952 Tres

293 1014 384 1076 sunt
414 1010 613 1080 societates
636 1013 879 1082 necessariae:
913 1014 1129 1097 domestica,
1157 1013 1294 1096 civilis,
1326 1018 1365 1080 et
1389 1029 1452 1078 re-

295 1134 442 1220 ligicsa.

806 1250 981 1299 xxxvrrr.

341 1385 470 1456 Prima
496 1390 656 1464 societas
685 1392 895 1459 necessaria
922 1397 980 1460 est
1010 1368 1160 1460 familia
1187 1411 1283 1479 quae
1312 1412 1334 1459 a
1362 1389 1452 1457 Deo

294 1510 469 1582 creatore
494 1515 684 1600 instituta,
704 1523 743 1585 et
759 1538 780 1584 a
798 1517 949 1586 Christ-c
972 1517 1134 1585 Domino
1156 1517 1380 1598 instaurata,
1404 1513 1454 1580 in

294 1644 465 1707 concreto
484 1639 703 1709 efformatur
726 1643 843 1710 libero
868 1649 1073 1726 contractu,
1100 1643 1166 1729 qni
1191 1641 1293 1727 apud
1319 1638 1452 1709 Chris·

295 1763 419 1833 tianos
436 1785 561 1833 verum
579 1773 618 1835 et
633 1768 784 1854 proprie
801 1769 944 1837 dictum
964 1769 1243 1836 Sacramentum
1260 1773 1328 1835 est.

799 1965 940 2014 XXXIX.

304 2199 307 2206 ι
340 2102 504 2172 Familia
528 2124 632 2173 suam
659 2105 773 2174 habet
789 2106 979 2192 propriam
1004 2106 1279 2189 auctoritatem,
1300 2124 1397 2191 quae
1422 2123 1452 2170 a

297 2229 376 2296 Dec
408 2229 603 2297 derivatur
634 2237 672 2298 et
699 2232 839 2299 residet
868 2232 907 2298 in
935 2237 1053 2318 patre.
1106 2230 1208 2298 Haec
1237 2230 1466 2309 {auctoritas⁴

294 2375 372 2422 sese
403 2355 578 2424 extendit
604 2357 652 2424 ad
679 2377 722 2424 ea
750 2356 877 2424 omnia
905 2377 1002 2444 quae
1031 2356 1079 2423 ad
1107 2355 1277 2424 familiae
1304 2355 1450 2421 bonum

294 2482 500 2567 temporale
516 2488 554 2550 et
569 2484 709 2550 morale
726 2481 917 2569 pertinent
932 2505 940 2564 ;
966 2481 1187 2549 nominatim
1207 2481 1306 2548 inest
1328 2479 1450 2566 patri-

295 2605 463 2674 familias
480 2613 648 2692 potestas
665 2607 844 2675 irritandi
863 2615 950 2676 vcta
967 2607 1142 2675 filiorum.

838 2821 901 2869 xL.

342 2959 450 3030 Licet
480 2960 629 3029 familia
659 2963 841 3048 potestati
873 2963 978 3030 civili
1011 2962 1256 3030 subordinala
1281 2962 1342 3046 sit,
1370 2982 1452 3030 non

296 3091 422 3171 potest
453 3092 578 3154 tamen
611 3108 632 3154 a
665 3088 769 3154 civili
802 3088 1027 3156 auctoritate
1051 3087 1253 3172 absorberi,
1281 3088 1346 3155 sed
1378 3107 1455 3156 sua

294 3213 930 3300 gaudetlegitimaindependentia:
954 3214 1454 3302 “velleigiturutpervadat

295 3339 406 3407 civile
419 3339 618 3426 imperium
631 3339 818 3408 arbitratu
831 3361 899 3408 suo
910 3340 1087 3426 usquead
1101 3340 1238 3408 intima
1247 3339 1447 3407 domorum

295 3486 453 3553 magnus
470 3471 508 3534 et
523 3466 757 3552 perniciosus
774 3473 833 3534 est
847 3467 989 3534 error.'’
1005 3469 1020 3518 1

829 3661 909 3710 XLI.

346 3785 543 3853 “Insitum
574 3785 717 3853 homini
746 3792 884 3854 natura
912 3787 1111 3871 astutis
1140 3785 1245 3854 civili
1268 3787 1452 3855 societate

296 3911 412 3980 vivat:
442 3911 476 3979 is
503 3911 601 3979 enim
628 3912 877 3979 necessarium
902 3914 1003 3980 vitae
1028 3913 1172 3980 cultum
1196 3918 1235 3980 et
1257 3919 1447 3999 paratum,

295 4039 462 4126 itemque
480 4037 624 4124 ingenii
642 4043 757 4124 atque
773 4038 892 4105 animi
909 4038 1186 4124 perfectionem,
1203 4058 1286 4106 cum
1303 4038 1345 4106 in
1361 4040 1450 4107 soli·

296 4163 431 4232 tudine
458 4162 619 4249 adipisci
637 4183 712 4231 non
737 4165 869 4250 possit,
891 4164 1078 4233 divinitus
1099 4166 1290 4252 provisum
1316 4172 1384 4250 est,
1405 4173 1455 4236 ut

333 4380 341 4404 ¹
351 4374 424 4429 Erre.
439 4375 548 4428 Remm
558 4375 716 4429 Novcmm.
