3125 5317
767 575 789 640 8

197 754 343 824 homini
371 777 395 824 a
419 761 556 824 natura
581 754 791 840 inhaerens,
820 755 1090 824 subordinatur
1120 754 1336 825 auctoritati

200 882 344 966 sociali,
365 904 461 969 quae
479 883 576 950 illud
590 884 640 951 ad
656 884 794 950 bonurn
809 903 1002 949 commune
1013 883 1197 951 moderari
1211 887 1349 969 potest,

201 1008 316 1075 immo
356 1008 458 1075 intra
489 1012 609 1075 oertos
648 1007 790 1075 limites
829 1007 1074 1095 restringere:
1107 1009 1233 1096 justae
1265 1028 1354 1094 ergo

201 1152 281 1201 esse
308 1138 468 1219 possunt
491 1132 621 1200 civiles
645 1132 744 1219 leges
768 1132 907 1218 quibus
926 1133 1156 1219 providetur,
1177 1153 1223 1201 ne
1248 1134 1356 1201 labor

200 1260 347 1327 diutius
359 1260 615 1345 protrahatur,
632 1279 678 1326 ne
690 1259 920 1345 quibusdam
932 1260 1108 1345 operibus
1125 1260 1353 1327 addicantur

202 1385 309 1471 pueri
327 1391 366 1453 et
381 1384 553 1453 feminae.

737 1512 804 1560 xv.

246 1688 401 1756 Locatio
428 1687 553 1773 operis
581 1708 646 1754 seu
675 1688 872 1755 conventio
897 1688 996 1755 inter
1017 1710 1170 1775 opernm
1190 1690 1349 1757 eonduc-

197 1822 316 1882 torem
334 1819 373 1882 et
388 1812 601 1899 operarium
618 1814 665 1881 de
681 1814 808 1881 labore
825 1816 1051 1899 praestando
1068 1816 1116 1882 ab
1133 1835 1208 1882 una
1225 1821 1345 1901 parte,

199 1939 344 2009 salario
361 1961 448 2007 vero
462 1939 641 2007 solvendo
654 1961 703 2007 ex
718 1940 848 2025 altera,
865 1945 923 2007 est
939 1944 1154 2008 contractus
1169 1960 1354 2009 onerosus

203 2067 312 2155 eujus
329 2064 497 2134 conditio
513 2064 727 2134 essentialis
743 2070 801 2133 est
817 2065 1107 2152 aequivalentia.

738 2276 822 2324 XVI.

246 2452 348 2520 Haeo
363 2452 503 2519 laboris
519 2458 558 2519 et
581 2450 711 2518 salarii
729 2450 1010 2537 aequivalentia
1026 2452 1084 2519 vel
1112 2452 1192 2537 lege
1221 2451 1351 2519 defini·

201 2584 276 2661 tur,
307 2578 364 2644 vel
390 2597 481 2644 sana
509 2576 687 2662 opinione
712 2576 866 2661 publiea
893 2575 1135 2643 aestimatur:
1162 2576 1350 2663 adquam

204 2703 504 2772 aestimationem
553 2703 796 2772 obtinendam
846 2702 1053 2789 requiritur
1100 2702 1352 2771 consideratio

202 2830 318 2897 trium
346 2829 612 2896 elementorum
646 2828 801 2913 seilicet,
836 2827 1019 2896 utilitatis
1047 2827 1266 2895 intrinsioae
1298 2829 1350 2895 la·

200 2954 313 3039 boris,
333 2953 475 3021 laboris
490 2953 736 3041 frequentiae,
756 2960 795 3021 et
811 2954 952 3021 laboris
967 2974 1229 3039 expensarum.

730 3166 830 3213 xvn.

250 3325 350 3392 Hinc
369 3324 447 3391 diei
464 3331 590 3410 potest
613 3324 792 3391 salarium.
815 3324 1039 3410 regulariter
1055 3344 1129 3392 non
1146 3346 1254 3410 posse
1270 3326 1351 3393 des-

204 3453 359 3521 cendere
406 3451 507 3518 inira
553 3450 810 3517 necessitatem
858 3451 1026 3518 decentis
1065 3453 1354 3521 sustentationis

205 3578 366 3664 operarii
393 3598 459 3644 neo
487 3577 619 3644 debere
647 3576 844 3643 ascendere
870 3577 968 3643 ultra
992 3576 1138 3644 servitii
1164 3578 1350 3645 valorem:

204 3704 307 3771 intra
332 3702 427 3769 duos
451 3708 576 3768 autem
596 3701 683 3768 illos
698 3701 840 3769 limites
856 3708 1053 3787 extremos,
1074 3703 1219 3771 variare
1243 3724 1354 3790 posse

205 3829 410 3897 seeundum
426 3828 544 3913 legem
561 3827 833 3895 oonourentiae.

718 4022 836 4070 XVIII.

249 4195 467 4265 Communis
502 4196 661 4263 cessatio
692 4196 833 4263 laboris
858 4197 936 4264 sive
967 4219 1014 4264 ex
1043 4204 1149 4283 parte
1173 4198 1350 4283 opificum

204 4321 396 4410 (striks),
407 4320 485 4387 sive
495 4342 543 4387 ex
553 4326 660 4405 parte
671 4322 938 4389 conductorum
951 4323 1182 4410 (Lookouts),
1197 4323 1355 4391 effeetus

204 4446 455 4535 deplorandos
467 4445 581 4513 nimis
593 4467 703 4534 saepe
720 4446 845 4533 habet,
860 4452 940 4516 tum
957 4469 1026 4534 pro
1041 4448 1252 4521 individuis
1269 4456 1352 4523 tum
