3125 5317
678 543 700 610 7

121 721 462 808 irrationabilibus3
504 729 545 793 at
583 723 737 813 propria
769 730 961 795 creaturae
996 724 1175 795 rationali
1207 729 1265 792 est

121 848 319 917 destinatio
347 849 397 916 ad
422 849 496 918 Dei
527 850 835 938 glorificationem
861 850 1066 936 formalem,
1095 872 1191 938 quae
1223 849 1264 916 in

121 975 270 1043 divinae
317 975 563 1061 perfeetionis
609 976 846 1064 cognitione„
878 977 1031 1046 divinae
1077 976 1263 1045 bonitatis

119 1123 247 1186 amore,
267 1107 306 1170 et
321 1103 476 1171 divinae
500 1103 745 1172 excellentiae
762 1105 868 1171 cultu
885 1103 1071 1172 consistit.
1122 1102 1168 1169 In
1191 1102 1263 1170 hac

120 1229 183 1296 Dei
199 1227 352 1298 formali
369 1228 642 1316 glorificatione
666 1229 841 1299 consistit
865 1229 1030 1298 hominis
1047 1229 1257 1298 beatitudo.

642 1460 731 1509 XIII.

160 1601 265 1669 Licet
281 1601 394 1669 homo
410 1601 554 1669 lumine
569 1601 730 1670 rationis
747 1601 914 1670 naturali
931 1601 1042 1669 finem
1059 1621 1169 1668 suurn
1186 1601 1260 1669 ofli-

120 1727 247 1814 ciaque
270 1726 515 1814 aliquatenus
531 1747 749 1813 cognoscere
772 1733 909 1813 potest,
930 1733 1055 1794 tamen
1076 1726 1264 1794 “divinae

118 1852 334 1920 revelationi
361 1851 602 1920 tribuendum
619 1856 737 1920 estut
760 1872 805 1920 ea
821 1871 917 1939 qnae
933 1852 973 1919 in
990 1853 1101 1919 rebus
1118 1851 1262 1918 divinis

119 1979 300 2046 hnmanae
312 1978 453 2046 rationi
473 1998 537 2064 per
553 1998 592 2046 se
606 1978 792 2062 impervia
809 1997 883 2046 non
900 1983 1000 2059 sunt,
1021 1977 1062 2043 in
1072 1977 1261 2062 praesenti

117 2125 260 2191 qnoque
269 2103 418 2190 generis
428 2103 585 2171 humani
598 2103 815 2172 conditione
827 2104 875 2171 ab
886 2103 1060 2171 omnibus
1070 2102 1259 2188 expedite,

119 2231 218 2298 firma
259 2229 489 2298 certitudine
529 2235 567 2298 et
597 2230 704 2298 nullo
735 2229 909 2297 admixto
936 2249 1058 2297 errore
1090 2227 1263 2316 cognosci

119 2358 271 2441 possint.
324 2356 412 2424 Non
436 2356 508 2424 hac
533 2362 658 2424 tamen
683 2356 729 2424 de
754 2376 867 2424 causa
887 2356 1066 2424 revelatio
1090 2355 1262 2424 absolute

119 2483 323 2550 necessaria
340 2453 500 2550 dicenda
516 2487 584 2566 est,
604 2482 668 2550 sed
687 2481 778 2569 quia
802 2481 904 2549 Dens
920 2502 967 2549 ex
991 2480 1143 2548 infinita
1158 2480 1262 2549 boni·

119 2615 192 2676 tate
208 2629 277 2676 sua
294 2607 487 2676 ordinavit
509 2607 697 2675 hominem
715 2607 764 2676 ad
788 2607 898 2675 finem
924 2607 1259 2693 supernaturalem,

118 2734 163 2801 ad
177 2733 455 2820 participanda,
476 2754 525 2801 so.
546 2734 644 2801 bona
660 2733 793 2801 divina
809 2752 905 2819 qnae
921 2731 1108 2800 humanae
1125 2731 1262 2800 mentis

117 2859 403 2946 intelligentiam
420 2858 572 2927 omnino
588 2859 829 2945 superant.’'1

649 3088 732 3137 x1v.

162 3229 276 3298 Utin
305 3229 494 3316 praesenti
524 3233 628 3297 statu
661 3235 821 3298 naturae
846 3230 975 3315 lapsae
1007 3235 1045 3298 et
1067 3234 1263 3316 reparatae

122 3354 223 3423 homo
240 3355 289 3422 ad
314 3375 422 3422 suum
448 3355 557 3422 finem
583 3356 906 3441 supernaturalem
930 3363 1115 3440 operetur,
1136 3376 1158 3422 a
1184 3354 1263 3423 Deo

124 3481 253 3566 accipit
268 3480 515 3548 intrinsecum
532 3480 719 3547 auxilium
732 3480 833 3567 quod
849 3481 973 3566 gratia
990 3481 1153 3549 actualis
1166 3502 1260 3549 nun·

126 3610 297 3690 cupatur3
331 3605 424 3673 haec
449 3610 573 3673 autem
598 3605 723 3692 gratia
748 3624 822 3674 non
848 3610 999 3674 tantum
1022 3606 1261 3675 medicinalis

128 3736 179 3796 est
192 3731 253 3798 sed
269 3730 383 3798 etiam
401 3731 562 3798 elevans.

656 3943 721 3991 XV.

174 4100 293 4168 Gratia
310 4101 365 4168 ita
390 4099 580 4168 hominem
596 4101 645 4168 ad
665 4102 896 4186 operandum
912 4108 1037 4170 movet
1052 4109 1091 4170 at
1106 4123 1260 4189 operan-

132 4233 197 4291 tem
211 4232 404 4310 snstentat‚
420 4231 464 4294 ut
480 4225 639 4294 liberum
657 4228 739 4314 ejus
756 4227 954 4295 arbitrium
967 4228 1121 4296 minime
1138 4229 1261 4298 laeda-

170 4449 262 4507 ¹llona
270 4452 337 4508 Vel.
353 4453 460 4508 const
475 4452 530 4507 Dei
541 4453 646 4520 itlius,
660 4469 683 4508 e.
697 4459 722 4509 2.
