3125 5317
834 507 879 586 lo

791 729 904 779 xxva

322 838 431 905 Rom.
448 860 479 906 v.
502 842 637 925 (12-19)
656 845 784 924 aperte
800 839 965 919 docetur,
987 859 1060 905 nou
1078 839 1198 906 solum
1216 845 1370 906 mortem
1388 845 1426 906 ct

274 984 414 1050 poenas
425 965 600 1051 corporis,
617 965 681 1038 sed
698 971 735 1032 et
751 972 959 1051 peccatum,
974 965 1075 1052 quod
1086 971 1143 1032 est
1154 986 1252 1034 mors
1263 965 1421 1049 animae,
1437 1006 1441 1012 ·

275 1111 348 1158 uon
375 1091 587 1160 imitatione
614 1092 679 1159 sed
705 1092 977 1178 propagatione
1005 1091 1044 1157 in
1070 1112 1179 1160 omne
1206 1112 1324 1180 genus
1357 1092 1424 1158 hu·

276 1237 427 1284 manum
444 1217 673 1286 transfundi.
764 1271 766 1277 ,

785 1308 915 1362 XXVll.

249 1446 253 1454 ·
320 1409 463 1478 Christi
482 1410 604 1476 verbis
622 1409 746 1496 (Joan.
768 1409 827 1491 iii;
853 1413 901 1494 5),
923 1410 1138 1477 continetur
1154 1410 1349 1478 institutio
1366 1410 1424 1477 vel

276 1535 406 1602 saltem
435 1535 633 1620 promissio
659 1535 847 1616 Baptismi
871 1555 937 1620 per
961 1556 1070 1622 quem
1089 1536 1329 1617 renascimur,
1349 1534 1426 1601 dis·

276 1660 394 1728 tincto
410 1661 579 1729 iudicata
596 1668 676 1728 tum
694 1661 838 1728 visibili
857 1663 939 1749 ejus
967 1637 1159 1742 elemento,
1185 1669 1263 1728 “ex
1280 1662 1420 1748 aqua‚''

276 1793 356 1854 tum
374 1786 559 1853 invisibili
576 1787 758 1854 elemento
781 1786 963 1872 “Spiritu
983 1787 1160 1854 Sancto.'’

777 1927 924 1982 XXVlll.
1025 1921 1032 1934 ’

322 2030 463 2098 Christi
482 2029 604 2096 verbis
622 2030 746 2117 (Matt.
776 2051 809 2096 v.
832 2034 875 2096 34
900 2030 923 2097 J
927 2050 979 2096 ac.
1009 2030 1057 2096 iv.
1080 2034 1149 2115 12),
1174 2037 1284 2097 “non
1300 2031 1427 2116 iurare

276 2157 464 2225 omnino''
486 2156 870 2243 reprobaturquidem
887 2156 1091 2242 juramenti
1106 2158 1256 2240 abusus,
1272 2156 1428 2224 minime

276 2289 400 2351 tamen
418 2283 640 2368 prohibetur
657 2281 898 2349 rationabilis
922 2282 1126 2369 juramenti
1144 2303 1246 2350 usus.

796 2424 907 2479 XXlX.

324 2529 496 2596 Sermone
521 2526 663 2596 Christi
693 2526 816 2612 (Joan.
840 2527 892 2607 vi;
921 2530 1052 2613 5269),
1081 2527 1295 2596 continetur
1320 2547 1428 2612 prae-

276 2654 450 2721 nuniatio
468 2653 690 2720 sacramenti
708 2660 746 2719 et
763 2651 943 2719 Sacrificii
962 2652 1227 2720 Eucharistici.

803 2794 897 2849 XXX.
1400 2820 1403 2826 -

323 2897 448 2967 Verba
472 2897 646 2982 Apostoli
665 2896 788 2983 (Rom.
809 2896 837 2978 i;
861 2900 915 2980 17,
934 2896 1040 2964 Rom.
1063 2896 1122 2978 iii;
1148 2901 1202 2981 28,
1224 2895 1359 2983 Ephes.
1380 2895 1428 2980 ii;

277 3031 309 3110 8,
330 3029 366 3111 9)
383 3025 429 3091 de
453 3023 723 3111 justificatione
750 3043 816 3108 per
841 3023 962 3105 fidem,
984 3023 1060 3090 imo
1076 3043 1142 3108 per
1159 3022 1267 3089 iidem
1294 3024 1424 3106 solam,

276 3152 429 3218 minime
462 3155 619 3236 possunt
652 3169 693 3216 eo
726 3169 837 3216 sensu
877 3149 1042 3235 intelligi
1083 3155 1126 3215 ut
1166 3149 1428 3216 necessitatem

277 3280 458 3347 bonorum
476 3295 629 3362 operum
647 3282 686 3341 et
701 3281 1018 3342 sacramentorum
1036 3275 1252 3343 excludant.

792 3417 903 3473 XXXl.

324 3520 479 3588 Raticui
508 3539 625 3605 aeque
653 3540 695 3586 ac
723 3519 811 3587 fidei
844 3519 1108 3586 contradicunt
1140 3519 1207 3606 qui
1240 3524 1424 3600 asserunt,

278 3649 356 3716 fieri
373 3667 447 3714 nou
460 3665 568 3731 posse
579 3650 622 3711 ut
631 3665 697 3731 per
707 3645 959 3712 revelationen
972 3644 1142 3711 divinam
1154 3644 1265 3711 homo
1273 3644 1319 3711 de
1331 3643 1424 3724 Deo,

279 3775 458 3858 cultuque
475 3771 508 3838 ei
523 3769 736 3837 exhibendo
754 3769 962 3837 edoceatur.

788 3910 916 3965 XXXll.

320 4015 364 4084 Iu
382 4013 607 4083 revelatione
623 4012 753 4079 diviua
778 4012 961 4079 contineri
979 4018 1148 4098 possunt,
1172 4032 1258 4080 vera
1281 4019 1319 4079 et
1343 4031 1425 4097 pro·

277 4146 359 4232 prie
372 4143 475 4210 (licta
486 4140 675 4226 mysteria,
691 4139 867 4206 nimirum
887 4145 1019 4225 “qaae,
1035 4138 1111 4206 nisi
1125 4139 1288 4207 revelata
1305 4137 1425 4207 diviu-

278 4272 367 4353 itas,
388 4269 617 4335 innotescere
634 4285 707 4332 uon
731 4265 950 4350 possunt.’'1

314 4417 413 4466 ¹Coae¹
429 4414 496 4464 Vat.
