3125 5317
649 558 691 622 15

598 757 738 806 xtvrn.

141 862 222 930 Duo
238 863 297 930 illi
314 863 485 947 affectus,
508 864 574 943 qui
597 864 728 952 lingua
745 863 965 934 Christiana
989 885 1092 933 amor
1108 886 1238 934 concu-

103 989 297 1074 piscentiae
307 996 346 1056 et
358 1009 464 1056 amor
477 989 769 1070 benevolentiae,
780 989 913 1076 lingua
926 1011 1012 1057 vero
1023 991 1211 1073 moderna,
1226 993 1240 1042 1

101 1115 277 1200 egolsmus
301 1121 337 1181 et
362 1115 587 1181 altrnismus
610 1114 802 1198 dicuntur,
831 1134 949 1194 aeque
976 1115 1240 1201 primordiales

101 1246 189 1323 sunt,
209 1259 277 1306 nec
293 1239 373 1306 ullo
390 1239 503 1307 modo
519 1240 565 1307 ad
585 1240 741 1307 invicem
761 1246 1015 1326 opponuntur.

610 1401 718 1450 xntx.

137 1505 229 1575 Cum
250 1508 453 1575 “voluntas
465 1508 517 1575 sit
532 1507 702 1576 effectiva
716 1529 842 1576 eorum
855 1527 952 1595 quae
964 1509 1057 1590 vult,
1073 1509 1104 1575 si
1122 1508 1239 1576 facul·

100 1641 149 1700 tas
176 1633 341 1718 adsit,”2
364 1655 412 1702 ex
438 1655 562 1702 amore
587 1635 868 1702 benevolentiae
900 1633 1071 1721 sequitur
1101 1635 1240 1702 exerci-

100 1759 183 1826 tium
210 1760 476 1827 beneficentiae
508 1765 546 1827 et
577 1748 832 1845 eleemosynae
860 1759 1024 1846 largitio.
1076 1759 1138 1826 Ad
1170 1759 1241 1827 hoc

101 1892 216 1952 autern
239 1894 284 1952 ut
300 1887 535 1971 eleemosyna
560 1886 612 1953 sit
636 1885 873 1972 obligatorias,
894 1905 1010 1952 unum
1036 1885 1242 1972 requiritur

98 2035 139 2080 ex
175 2022 282 2097 parte
321 2012 550 2098 recipientis,
594 2012 696 2098 quod
744 2011 1004 2079 necessitatem
1053 2011 1240 2097 patiatur;

101 2140 249 2205 alterum
294 2159 343 2204 ex
383 2145 491 2223 parte
530 2138 658 2205 dantis
706 2137 808 2224 quod
850 2137 1038 2222 superllua
1086 2137 1236 2204 habeat.

101 2263 233 2349 Nempe
255 2271 279 2301 ‘⁴
291 2262 357 2329 ubi
371 2263 587 2330 necessitati
605 2262 698 2330 satis
715 2269 753 2329 et
769 2263 901 2329 decoro
918 2262 1062 2344 datum,
1078 2262 1238 2329 officium

100 2397 157 2471 cst
177 2389 223 2456 de
239 2409 282 2455 eo
299 2388 402 2474 quod
423 2395 586 2473 superat,
606 2389 819 2474 gratificare
837 2387 1131 2473 indigentibus.³

653 2551 685 2598 n.

139 2655 232 2724 Cura
243 2675 452 2742 pauperum
464 2657 619 2742 speciali
632 2657 743 2724 modo
757 2656 944 2724 Ecclesiae
958 2659 1154 2724 commissa
1166 2663 1234 2742 est,

101 2789 132 2848 et
143 2802 283 2868 semper
299 2782 347 2848 ab
365 2801 408 2848 ea
425 2781 598 2868 religiose
614 2781 690 2848 fuit
707 2783 884 2849 exercita.
936 2782 1077 2850 Contra
1092 2802 1237 2849 omnem

102 2928 177 2994 ergo
193 2907 436 2994 aequitatem,
457 2927 530 2974 nou
552 2908 673 2994 pauci.
697 2915 862 2994 tempore
879 2918 1017 2991 nostre,
1039 2909 1096 2975 vel
1115 2908 1238 2976 Eccle-

102 3033 182 3099 siam
206 3039 373 3119 arguunt
394 3033 441 3100 ob
466 3053 573 3099 suum
597 3033 857 3101 benefaciendi
882 3034 1045 3115 modum,
1069 3034 1127 3100 vel
1156 3035 1238 3120 ejus

102 3158 300 3226 libertatem
325 3159 367 3225 in
390 3159 669 3242 benefaciendo,
699 3159 848 3226 nomine
872 3160 960 3227 boni
987 3160 1143 3246 publici,
1165 3180 1237 3227 res·

103 3283 252 3370 tringere
269 3285 413 3351 volunt.

282 3476 386 3545 Vidit
404 3477 521 3544 Socra
538 3476 733 3559 Poenicae,

183 3603 219 3671 T.
248 3603 480 3689 o’Gormn,
501 3625 538 3690 p.
560 3613 587 3670 t.
609 3603 794 3672 Decauus.

185 3729 226 3798 G.
256 3729 413 3814 Pectat,
430 3751 465 3816 p.
488 3737 514 3797 t.
538 3751 559 3798 a
578 3731 745 3798 Secretis.

538 3873 642 3942 Vidit
658 3875 790 3941 Rector
816 3875 1095 3957 Humanitatis,

734 3999 769 4067 J.
799 3999 834 4067 J.
865 3999 1051 4084 KEANIl,

808 4126 1023 4210 Episcopus
1039 4126 1187 4194 Jaasen.

143 4281 289 4351 'spencen
303 4283 463 4353 Priudplcs
480 4286 514 4351 cs
527 4285 635 4348 Ethica
647 4239 757 4348 uel-I..
772 4299 802 4351 p.
817 4239 855 4338 1.-

143 4364 182 4418 ¹8.
194 4365 332 4432 Thomas,
346 4373 397 4434 2-2,
411 4383 437 4434 q.
451 4373 494 4434 21,
509 4382 538 4422 a.
552 4373 577 4432 1,
592 4383 615 4420 c.

143 4447 213 4503 'leo
224 4449 308 4516 XIII,
319 4450 400 4518 Eue,
414 4451 523 4504 Rerum
534 4451 693 4505 Novarum.
