3125 5317
734 766 776 828 13

706 956 799 1009 XLII.

163 1090 251 1163 sola
276 1100 558 1167 consecratio
588 1100 786 1191 utriusque
814 1100 952 1188 speciei
980 1101 1183 1170 constituit
1207 1108 1327 1171 totam

137 1219 333 1294 essentiam
353 1226 567 1294 sacrificii
587 1226 736 1297 Missae.

693 1408 805 1458 XLIII.

191 1530 377 1603 “Missae
401 1508 653 1603 Sacrificium
679 1553 752 1600 non
779 1541 929 1601 tantum
954 1541 1012 1601 est
1033 1534 1161 1603 laudis
1184 1541 1222 1601 et
1245 1555 1326 1619 gra-

155 1657 287 1727 tiarum
314 1660 510 1745 actionis,
527 1666 597 1731 aut
624 1661 725 1727 nuda
751 1661 1052 1728 commemoratio
1079 1661 1252 1731 sacrificii
1287 1661 1327 1727 in

159 1806 258 1853 cmce
286 1788 456 1873 peracti,
479 1788 547 1855 sed
567 1793 624 1855 est
641 1788 964 1873 propitiatorium
989 1809 1055 1855 nec
1081 1789 1150 1855 soli
1177 1789 1329 1875 prodest

162 1914 334 1997 sumenti,
351 1914 422 1981 sed
440 1934 512 2010 pro
523 1913 622 1979 vivis
639 1922 676 1981 et
692 1914 893 1997 defunctio,
911 1914 1166 2000 propeccatis,
1182 1916 1323 2003 poenis,

166 2039 496 2110 satisfactionibus
507 2046 547 2108 01
558 2040 646 2109 aliis
663 2040 952 2109 necessitatibus
964 2041 1089 2108 offerri
1105 2043 1291 2127 potest.’'1

696 2220 803 2269 XLIV.

215 2344 336 2412 Nullo
352 2346 423 2412 Dei
442 2350 643 2431 praecepto
672 2364 798 2411 omncs
815 2351 853 2412 et
869 2344 1009 2431 singuli
1038 2346 1182 2415 Christi
1198 2348 1326 2416 fideles

179 2484 371 2559 utramque
387 2470 548 2557 speciem
568 2470 796 2539 sanctissimi
816 2471 1077 2541 Eucharistiae
1095 2472 1325 2543 Sacramenti

180 2620 318 2667 sumere
335 2604 520 2667 tenentur.

703 2707 793 2756 xcv.

224 2836 284 2903 Ad
301 2837 396 2903 solos
418 2834 565 2922 judices
591 2834 863 2901 ecclesiasticos
889 2842 1025 2903 natura
1048 2857 1115 2904 sna
1132 2838 1322 2923 pertinent

183 2984 303 3030 ornnes
319 2983 448 3030 causae
464 2959 761 3029 matrimoniales
779 2960 1093 3029 Christianorum.

691 3140 800 3189 XLVI.

228 3266 460 3333 Innocentius
477 3264 547 3331 III.
572 3266 727 3351 ejusque
759 3286 989 3333 successores
1019 3266 1059 3331 in
1093 3269 1323 3353 repressione

188 3393 342 3460 haeresis
366 3390 627 3477 Albigensium
644 3391 690 3458 de
706 3390 874 3458 Ecclesia
890 3398 928 3458 01
944 3391 1121 3460 societate
1138 3394 1241 3461 civili
1260 3417 1323 3481 op-

188 3518 273 3586 time
288 3522 507 3586 meruerunt.

682 3626 806 3675 xnvn.

229 3752 252 3820 J
257 3752 452 3821 ustissimis
468 3751 514 3819 de
531 3750 654 3819 causis
671 3750 885 3818 Fridericus
906 3751 954 3821 II.
975 3773 998 3818 a
1016 3753 1050 3818 S.
1073 3753 1165 3820 Sede
1181 3755 1324 3839 pluries

187 3877 529 3960 excommunicatus,
549 3876 589 3942 in
608 3876 776 3944 Concilio
794 3875 1038 3963 Lugdunensi
1056 3878 1084 3963 I,
1101 3880 1324 3954 1011001101-

188 4006 260 4073 tive
274 4005 473 4091 depositus.

677 4112 819 4160 xnvnr.

227 4240 410 4307 Immerito
435 4236 676 4305 contenditur
702 4235 941 4303 Bonifacium
960 4237 1067 4305 VIII.
1089 4239 1128 4305 in
1151 4239 1325 4308 dissidiis

182 4386 262 4433 cum
279 4365 456 4451 Philippo
474 4362 638 4430 Pulchro
655 4360 798 4429 exortis
813 4362 900 4447 Jura
917 4384 986 4430 sua
1002 4366 1216 4432 excessisse.

434 4529 544 4536 -——---
554 4526 668 4533 -----
679 4526 1321 4543 --—-·———-·-——-—-——-—

256 4614 355 4668 'Cone
368 4610 448 4665 Trid.
463 4608 540 4662 Ibid.
555 4610 628 4662 Can.
643 4610 696 4661 111.
