3125 5317
516 936 832 1050 THESES.

661 1169 686 1216 1.

119 1277 298 1361 Spectato
323 1276 488 1343 nominis
511 1285 593 1342 tum
618 1282 744 1362 etymo
761 1284 841 1342 turn
860 1296 929 1342 usu
948 1277 1048 1360 apud
1069 1275 1275 1361 Scriptores

74 1405 198 1451 sacros
227 1385 397 1452 Ecclesia
426 1384 645 1450 definitione
662 1385 766 1466 reali,
788 1384 877 1450 licet
901 1383 1166 1470 inadaequata,
1187 1384 1274 1450 defi-

74 1492 145 1558 niri
164 1493 219 1559 sic
236 1499 374 1578 potest,
391 1500 435 1560 ut
453 1493 624 1560 dicatur:
652 1500 778 1559 coetus
797 1513 860 1558 seu
877 1493 1084 1559 multitudo
1101 1493 1140 1558 in
1158 1513 1274 1559 unum

72 1601 231 1668 collecta
256 1602 400 1688 Divina
417 1601 613 1668 vocatione
641 1602 688 1667 ad
717 1601 837 1666 Deum
862 1600 1091 1686 professione
1117 1600 1274 1670 Christi-

73 1730 168 1776 anae
184 1709 275 1777 fidei
293 1710 504 1777 colendum.

654 1819 696 1867 11.

116 1926 325 1994 Distinctis
342 1927 502 1994 diversis
518 1926 651 2009 modiS,
673 1926 811 2012 quibus
829 1925 1002 1994 Christus
1019 1931 1273 1992 creaturarum

72 2034 198 2120 Caput
214 2041 373 2103 vocatur
389 2042 427 2101 et
452 2041 519 2116 est,
540 2035 638 2101 ratio
655 2034 792 2120 capitis
820 2033 899 2119 Ipsi
923 2033 1085 2100 maxime
1102 2034 1275 2101 convenit

71 2145 197 2228 quoad
214 2144 435 2227 Ecclesiam,
457 2164 529 2209 non
549 2142 736 2229 dignitate
766 2148 914 2209 tantum
932 2163 974 2208 ac
991 2147 1188 2227 potestate,
1209 2143 1274 2209 sed

71 2252 180 2318 vitali
198 2272 350 2339 qnoque
367 2272 481 2338 quam
497 2251 538 2317 in
554 2270 635 2318 eam
657 2256 806 2317 exercet
821 2249 980 2316 influxu.

643 2394 703 2441 III.

115 2503 305 2570 Unionem
338 2502 482 2570 Christi
511 2501 648 2587 capitis
681 2521 764 2567 cum
797 2519 867 2566 sua
893 2499 1061 2566 Ecclesia
1089 2521 1167 2568 esse
1198 2521 1273 2568 non

71 2613 250 2678 moralem
264 2617 414 2678 tantum
433 2610 497 2676 sed
515 2608 665 2676 omnino
678 2608 906 2694 singularem
922 2629 964 2675 ac
975 2609 1086 2694 plane
1102 2610 1272 2695 mysteri-

72 2739 176 2786 osam
196 2720 311 2786 Sacra
329 2717 525 2802 Scriptura
538 2723 665 2803 aperte
679 2717 788 2784 docet
804 2717 852 2782 iis
870 2717 972 2800 locis,
987 2717 1052 2784 ubi
1070 2717 1273 2785 Ecclesiam
1324 2713 1328 2722 '

71 2836 254 2914 tanquam
287 2827 433 2912 Corpus
457 2825 601 2894 Christi
627 2825 807 2892 describit
831 2846 873 2892 ac
898 2825 1101 2910 praedicat.
1153 2826 1272 2905 Quam

70 2937 249 3004 unionem
265 2935 487 3022 praesertim
504 2939 673 3019 spectata
690 2935 772 3019 ejus
797 2933 931 3000 intima
948 2933 1092 3000 ratione
1109 2934 1273 3002 humano

70 3044 283 3112 intellectui
303 3062 455 3128 prorsus
472 3042 654 3128 impervia
671 3040 890 3111 Catholicns
914 3041 1129 3109 intellectus
1151 3044 1271 3130 desig-

70 3161 145 3236 nat,
167 3152 376 3219 Ecclesiam
386 3151 539 3236 ¹Corpus
556 3148 698 3218 Christi
716 3149 917 3235 mysticum
938 3151 1176 3236 appellando.

648 3294 702 3342 1v.

112 3405 175 3470 Ex
192 3404 368 3470 doctrina
381 3423 403 3469 a
415 3402 466 3468 St.
486 3401 606 3467 Paulo
619 3401 770 3487 (Ephes.
788 3423 820 3485 r,
838 3405 881 3467 29
893 3403 976 3488 sqq)
989 3403 1132 3470 tradita
1145 3411 1274 3490 aperte

69 3513 255 3599 sequitur,
278 3512 377 3578 inter
393 3509 586 3578 Christum
612 3509 795 3592 Sponsum
814 3515 852 3575 et
868 3509 1071 3578 Ecclesiam
1092 3513 1271 3599 Sponsam

68 3620 302 3688 intercedere
319 3638 484 3695 summae
497 3617 648 3684 unionis
665 3618 990 3701 necessitudinem,
1009 3620 1273 3692 effusissimam

67 3729 251 3796 bonorum
278 3718 664 3809 communicationem,
695 3727 935 3794 dilectionem
964 3730 1076 3814 plane
1108 3732 1269 3818 unicam,

69 3837 255 3905 rationem
281 3837 424 3902 tutelae
449 3835 574 3918 talem,
596 3836 745 3920 qualem
773 3836 876 3902 solus
903 3836 1144 3907 Deus-Homo
1170 3862 1273 3927 prae-

67 3948 151 4013 bere
167 3952 307 4032 potest.
1136 3964 1141 4002 ι

650 4053 687 4100 v.

108 4163 264 4229 Titulus
281 4161 428 4244 Matris,
451 4181 524 4246 quo
541 4168 722 4246 tanquam
740 4160 886 4229 Christi
915 4164 1061 4249 Sponsa
1087 4167 1274 4238 foecunda

66 4292 86 4337 a
102 4270 283 4338 fidelibus
300 4268 469 4335 Ecclesia
485 4267 702 4354 insignitur,
719 4290 794 4336 non
808 4273 928 4338 solum
942 4273 984 4339 in
1001 4279 1209 4346 constanti:
1238 4286 1276 4347 et

66 4378 272 4445 universali
289 4377 517 4458 traditione,
539 4377 736 4444 sedetiam
754 4379 793 4445 in
814 4380 936 4466 ipsius
955 4383 1173 4470 Scripturae
1190 4389 1273 4458 doc·

64 4487 165 4554 trina
183 4492 265 4553 tum
283 4485 470 4570 implicita
486 4493 567 4551 tum
583 4487 767 4572 explicita
780 4490 1007 4560 continetur.
