3125 5317
644 598 680 656 ll

628 765 687 816 XL.

93 864 271 931 Liceitas
305 865 551 949 proprietatis
583 866 762 950 privatae,
798 866 910 932 etiam
952 867 1077 951 quoad
1109 873 1259 950 terram,

49 972 196 1039 invicte
215 973 505 1038 demonstratur
528 981 606 1038 tum
633 980 732 1038 recta
758 973 904 1039 ratione
932 982 1011 1039 tum
1037 975 1265 1041 auctoritate

48 1082 126 1147 sive
153 1080 334 1146 naturali
361 1079 517 1146 hnmani
543 1080 688 1163 generis
713 1080 790 1145 sire
822 1082 1100 1164 supernaturali
1125 1083 1262 1148 revela-

49 1188 181 1255 tionis.

623 1276 698 1327 xii.

94 1378 303 1444 Immerito
314 1387 439 1443 autem
454 1398 477 1442 a
489 1377 620 1441 multis
632 1376 684 1441 rei
699 1377 930 1442 econotnioae
941 1377 1133 1444 historicis
1146 1399 1262 1446 asser·

52 1487 143 1564 itur,
186 1486 385 1570 privatam
426 1483 691 1567 proprietatem
730 1483 903 1548 illicitam
945 1484 1128 1550 declarari
1162 1487 1265 1571 apud

52 1595 219 1660 Sanctos
237 1592 387 1670 Patres,
404 1590 625 1657 nominatim
644 1591 745 1674 apud
762 1590 958 1660 Basilium.
977 1592 1262 1678 Hieronymum,

49 1702 317 1780 Ambrosium,
338 1698 657 1784 etAugustinum.

118 1809 164 1868 Cf
186 1809 330 1864 Glodden,
348 1807 424 1856 Toou
441 1807 500 1855 arrd
512 1805 554 1854 tte
574 1804 652 1862 ,ilua
669 1819 698 1869 p.
713 1805 764 1859 89:
784 1804 863 1860 It'r'to'.
880 1805 999 1856 Caihtlr‘e
1018 1807 1167 1860 Samnitem.
1179 1825 1207 1872 p.
1223 1811 1265 1862 65.

620 1918 709 1972 XLII.

96 2027 118 2093 .]
125 2047 175 2092 ns
188 2023 452 2110 proprietatis,
468 2029 581 2105 prout
594 2021 633 2085 iu
646 2020 815 2085 doctrina
824 2019 1022 2088 Catholioa
1035 2025 1263 2105 continetur,

54 2157 121 2201 nec
139 2132 424 2217 independens
445 2149 511 2194 nec
528 2128 774 2207 indefinitum,
795 2146 860 2192 nec
885 2129 1101 2196 absolutum
1121 2134 1269 2220 concipi

53 2252 197 2328 potest,
220 2241 290 2306 sed
316 2251 374 2304 est
401 2235 620 2302 auctoritati
647 2234 817 2318 publicae
841 2235 946 2302 vario
968 2239 1080 2306 modo
1097 2242 1269 2308 subordi-

53 2365 206 2432 natum,
227 2349 381 2432 objecto
403 2344 620 2422 limitatum,
640 2352 677 2408 et
702 2341 925 2422 restrictum,
947 2363 1022 2410 nou
1048 2348 1170 2414 solum
1190 2351 1272 2438 lege

54 2455 344 2543 temperantiae
376 2463 414 2517 et
445 2449 643 2516 charitatis
676 2469 800 2514 rerum
833 2449 948 2515 etiam
982 2454 1065 2539 lege
1097 2458 1275 2543 justitiae

54 2566 227 2635 socialis.

617 2645 722 2698 xttli.

100 2759 233 2824 Homo
261 2775 285 2820 a
304 2764 440 2817 natura
462 2749 576 2814 habet
599 2748 661 2832 jus
677 2747 714 2811 in
740 2746 888 2814 fructus
916 2752 976 2817 sui
995 2753 1155 2842 ingenii,
1177 2765 1280 2849 quod

55 2881 188 2934 tamen
207 2866 273 2951 jus
298 2859 404 2926 vario
420 2856 530 2922 modo
554 2855 601 2921 ab
626 2854 850 2922 auctoritate
876 2861 1012 2928 sociali
1031 2865 1282 2940 determinati

55 2983 188 3062 potest
206 2983 246 3037 et
272 2969 396 3034 debet.
616 3051 709 3102 mv

101 3164 217 3234 Modi
244 3158 514 3246 proprietatem
540 3154 724 3238 privatam
746 3154 847 3222 circa
874 3159 976 3229 bona
1002 3175 1203 3244 naturalia
1229 3199 1287 3246 ac·

56 3271 245 3364 quirendi
271 3266 407 3333 merito
422 3263 683 3346 distinguntur
703 3261 743 3326 in
761 3263 983 3346 primitivos
1008 3285 1049 3344 et
1074 3281 1292 3361 des-iratos:

57 3388 161 3451 inter
180 3375 403 3466 primitivos
419 3385 544 3436 autern
563 3369 769 3435 necessario
786 3381 990 3455 praecedit
1007 3396 1226 3478 occupatio.

625 3508 712 3560 xtt’.

108 3635 134 3663 ·‘
151 3615 372 3689 Socialismi
400 3612 579 3698 placitum
611 3610 658 3676 de
682 3617 996 3696 possessionibus
1031 3633 1073 3702 in
1101 3661 1299 3712 commune

59 3727 292 3818 redigendis
309 3722 460 3789 omnino
477 3718 667 3802 repudiari
686 3731 838 3804 oportet
857 3734 955 3816 quia
973 3739 1024 3808 iis
1042 3745 1142 3833 ipsis
1160 3755 1302 3840 quibus

57 3852 117 3910 est
147 3831 420 3924 opitulandum
448 3837 565 3904 nocet,
596 3830 842 3901 naturalibus
873 3842 1124 3934 singulorum
1152 3864 1303 3951 iuribus

61 3951 271 4034 repugnat,
318 3937 436 4004 officia
477 3935 705 4018 reipublicae
746 3947 1167 4058 tranquillitatemque
1208 3997 1303 4042 coru·

59 4074 216 4124 munem
234 4044 476 4135 perturbat.”

128 4163 188 4214 Lm
207 4154 299 4209 XIII.
315 4152 402 4216 Eury.
420 4148 687 4202 aerumnosarum.

624 4267 730 4324 xttvi.

105 4381 192 4446 The
205 4374 313 4456 early
325 4369 444 4436 Celtic
457 4366 648 4434 Churcltes
662 4372 703 4438 of
721 4375 899 4480 Britain,
915 4420 994 4472 wer

367 4478 374 4490 .
480 4475 487 4487 .
651 4485 658 4500 ,
995 4423 1100 4482 enot
1113 4417 1310 4505 separated

61 4493 161 4558 from
183 4497 426 4551 communton
444 4476 536 4540 wrtlr
553 4475 618 4542 the
637 4481 706 4549 bec
725 4491 768 4556 of
796 4495 939 4580 Rome·
