3125 5317
663 716 704 779 13

610 904 749 959 xxxvl.

168 1026 260 1111 eujus
275 1022 487 1109 magisterii
507 1022 727 1105 auctoritas,
743 1024 804 1089 cui
823 1024 862 1089 iu
879 1024 1053 1091 fidelibus
1070 1044 1158 1090 vera
1174 1024 1255 1089 obe-

41 1166 42 1173 ’
137 1151 244 1223 dieutia
271 1149 354 1218 fidei
377 1150 623 1235 respondeat,
648 1158 792 1217 tantum
820 1151 934 1231 abest,
966 1158 1007 1215 ut
1031 1157 1117 1235 post
1142 1150 1258 1216 libros

41 1256 42 1267 ἵ
138 1278 207 1349 Novi
221 1275 442 1342 Testamenti
469 1275 704 1360 conscriptos
730 1282 878 1343 muta-ta
904 1275 1020 1341 fuerit
1046 1282 1112 1343 aut
1136 1275 1257 1341 immi·

136 1413 211 1483 unta,
228 1407 266 1467 ut
281 1401 362 1487 ipsa
389 1421 586 1467 sacrorum
616 1402 795 1467 librorum
821 1402 966 1487 origine
984 1408 1020 1468 et
1038 1401 1167 1467 nativa
1184 1401 1258 1467 dis·

41 1514 42 1579 Ῑ
136 1527 282 1618 positione
306 1525 416 1594 illius
446 1526 487 1593 in
515 1527 671 1593 ecclesia
697 1526 932 1611 perpetuitas
950 1527 1158 1593 luculenter
1174 1547 1257 1594 con·

137 1654 277 1723 iuretur.

605 1741 760 1795 xxxvu.
863 1742 867 1747 ’
909 1805 913 1813 ,

165 1880 378 1963 Quapropter
406 1877 553 1964 insigni
580 1876 711 1944 fraude
730 1883 870 1944 veteres
895 1878 1134 1944 lansenistae
1151 1885 1188 1945 et
1205 1899 1257 1944 re-

135 2004 325 2070 centioribus
343 2002 585 2088 temporibus
602 2022 726 2069 eorum
744 2003 942 2089 pedisequi
960 2003 983 2070 J
987 2004 1133 2071 anistae
1150 2003 1259 2071 abusi

41 2110 42 2117 ἵ
135 2132 251 2196 luerunt
278 2128 525 2195 celeberrimo
553 2128 912 2195 canoneVincentii
940 2128 1259 2211 Li1·inensiS‚¹as·

134 2264 262 2322 serentes
286 2255 327 2319 iu
354 2254 428 2320 illo
450 2254 614 2339 positive
631 2261 668 2319 et
683 2253 873 2320 exclusive
891 2262 1042 2339 accepto
1060 2276 1132 2321 non
1150 2256 1261 2322 modo

132 2380 254 2465 aliquod
290 2380 461 2447 traditae
503 2378 690 2445 divinitus
724 2379 899 2445 veritatis·
945 2381 1148 2451 criterium.
1194 2383 1258 2448 sed

132 2528 238 2587 rerum,
273 2505 394 2573 immo
420 2506 575 2572 unicum
608 2504 789 2571 contineri
825 2506 1091 2573 “Traditiouis
1124 2508 1258 2576 Catho-

41 2642 42 2653 ’
132 2631 492 2718 licaeprincipium.''

596 2736 771 2791 xxxvlu.

162 2879 285 2961 Aperte
301 2874 381 2961 sibi
400 2873 667 2940 contradicunt
690 2872 958 2955 Protestantes‚
980 2896 1063 2941 curn
1081 2878 1260 2945 adversus

131 3000 316 3068 Cat-bolicos
345 3006 589 3085 propugnant
613 2998 800 3066 notionem
827 3000 1014 3075 Ecclesiae
1040 3003 1256 3085 invisibilis

132 3129 158 3191 in
179 3128 263 3212 ipsis
279 3125 485 3212 principiis
503 3124 851 3191 fundamentalibus
875 3125 1178 3195 Protestantismi
1198 3153 1258 3197 ex-

133 3274 281 3337 pressam,
303 3262 344 3319 et
362 3252 486 3331 simul,
509 3252 556 3317 ad
575 3250 788 3336 religiosum
814 3272 918 3317 suurn
945 3253 1160 3321 societatem
1178 3277 1262 3321 con-

132 3379 311 3461 tinendam,
329 3376 534 3444 Ecclesiam
547 3376 735 3443 visibilem
753 3376 825 3442 sibi
844 3377 1051 3456 vindicant,
1069 3380 1146 3447 sive
1165 3381 1260 3448 hanc

132 3526 195 3571 rum
224 3503 529 3573 “Orthodoxis”
561 3502 691 3569 dicant
711 3524 732 3569 a
750 3502 902 3570 Christo
927 3504 1155 3587 institutam,
1186 3508 1263 3574 sive

130 3632 193 3717 rjus
208 3604 550 3697 “constitutionem
563 3628 585 3660 ’³
604 3627 791 3694 humanae
802 3650 880 3694 esse
891 3630 1050 3714 originis
1064 3632 1257 3701 rtffirruent.

611 3786 753 3841 xxxvii.

164 3910 329 3979 Christus
347 3907 531 3975 Dominus
558 3914 675 3973 totam
702 3927 807 3972 suam
825 3908 1041 3993 religionem
1060 3932 1133 3978 non
1151 3913 1263 3981 aliter

132 4035 283 4102 instituit
308 4033 384 4100 nisi
412 4040 593 4117 tanquam
618 4031 775 4097 formam
802 4041 1013 4100 exstantem
1039 4047 1075 4103 et
1097 4060 1174 4104 sese
1202 4063 1263 4105 ex-

132 4160 302 4227 hibentem
330 4159 371 4225 in
390 4155 533 4223 visibili
556 4156 733 4237 Ecclesia,
755 4157 811 4223 ita
829 4166 872 4224 ut
889 4158 1104 4229 Christiana
1133 4166 1266 4252 religio

133 4287 161 4351 iu
189 4286 350 4353 Ecclesia
381 4282 497 4349 veluti
530 4282 767 4367 incorporata
800 4284 850 4350 sit
883 4293 919 4351 et
952 4306 1018 4370 per
1040 4266 1171 4373 ‘ipsam
1200 4293 1266 4360 liat

133 4412 247 4499 religio
263 4409 440 4478 visibilis.
504 4470 509 4481 ,

157 4602 417 4657 'Commonitorium
427 4602 524 4669 primu
535 4617 576 4661 m,·
596 4602 626 4653 C.
641 4600 671 4652 ii.
