3125 5317
827 600 847 663 6

813 816 851 863 V.

310 977 476 1045 Societas
496 976 622 1044 civilis
648 982 706 1044 est
731 974 896 1043 medium
921 973 1092 1059 generale
1118 972 1261 1041 homini
1287 994 1310 1040 a
1334 973 1413 1040 Deo

263 1104 487 1189 praestitum
504 1104 552 1170 ad
570 1102 756 1187 triplicem
776 1099 1016 1185 temporalem
1040 1098 1316 1184 perfectionem,
1336 1120 1412 1166 ma-

264 1227 444 1311 terialem,
473 1227 777 1309 intellectualem,
807 1224 996 1291 moralem:
1024 1222 1165 1308 triplex
1193 1230 1317 1291 autem
1345 1223 1414 1290 illa

264 1352 445 1438 perfectio
461 1353 517 1420 ita
532 1373 571 1419 se
587 1351 712 1431 habet,
734 1356 777 1416 ut
794 1347 979 1415 materiali
1002 1348 1205 1433 praecellat
1229 1347 1413 1416 intellect-

264 1479 375 1561 ualis,
396 1484 595 1565 utramque
611 1481 762 1563 superet
778 1474 942 1543 moralis.

813 1670 868 1718 VI.

315 1838 339 1871 ‘⁶
351 1832 457 1899 Bona
473 1830 650 1916 privatim
668 1828 858 1915 possidere
882 1829 944 1914 jus
968 1833 1026 1893 est
1044 1826 1188 1894 homini
1216 1830 1410 1897 naturale:

264 1958 455 2045 coquenti
472 1959 566 2044 jure,
583 1955 747 2023 maxime
763 1955 804 2021 in
822 1954 1000 2021 societate
1011 1953 1121 2037 vitae,
1137 1974 1210 2020 non
1227 1954 1286 2023 fas
1302 1956 1412 2023 modo

265 2089 333 2167 est,
354 2084 419 2151 sed
435 2084 547 2169 plane
564 2080 876 2149 necessarium.”1

805 2273 876 2320 VII.

312 2439 436 2505 Licita
453 2441 577 2505 autem
594 2440 633 2503 et
648 2434 858 2502 necessaria
874 2440 1022 2501 estnon
1039 2432 1148 2499 modo
1164 2432 1315 2519 privata
1331 2454 1414 2520 pro-

266 2564 408 2650 prietas
436 2582 558 2629 rerum
591 2560 787 2627 mobilium
814 2566 853 2627 et
879 2558 1021 2626 laboris
1052 2557 1253 2643 fructuum,
1287 2580 1414 2627 verum

265 2690 381 2759 etiam
398 2688 482 2774 ipsa
498 2686 709 2774 proprietas
725 2686 807 2753 soli.

792 2896 880 2944 VIII.

312 3057 502 3124 Bonorum
526 3051 786 3139 appropriatio
809 3072 882 3118 non
910 3057 1035 3137 potest
1057 3072 1136 3119 esse
1153 3052 1208 3120 ita
1226 3054 1411 3137 absoluta,

267 3182 406 3265 atilli,
438 3180 505 3267 qui
535 3199 608 3246 non
641 3178 847 3264 possident,
876 3198 949 3245 non
974 3177 1162 3245 retineant
1186 3199 1330 3265 semper
1353 3182 1416 3267 jus

267 3309 439 3377 strictum
472 3306 519 3373 ad
553 3303 734 3371 sumenda
764 3302 973 3371 necessaria
1005 3324 1094 3371 suae
1122 3305 1413 3373 sustentationi:

267 3435 356 3502 hinc
381 3431 514 3498 merito
538 3409 676 3512 dictur,
697 3428 737 3493 in
753 3434 922 3495 extrema
947 3429 1168 3497 necessitate
1193 3430 1320 3497 omnia
1336 3453 1416 3499 esse

268 3556 543 3647 quodammodo
560 3553 781 3621 communia.

811 3731 865 3779 IX.

314 3879 513 3946 Praeterea
538 3894 659 3940 rerum
686 3873 987 3958 appropriationi
1013 3874 1162 3941 adnexa
1185 3883 1244 3943 est
1262 3879 1417 3945 moralis

268 4002 450 4089 obligatio
467 4004 612 4086 partem
629 4000 810 4065 bonorum
828 3998 916 4065 aliis
931 3999 1150 4084 elargiendi:
1177 4019 1254 4087 qua
1270 4002 1417 4071 ratione

268 4128 405 4198 divites
434 4131 533 4192 recte
557 4128 739 4190 vocantur
763 4126 945 4190 oeconomi
964 4127 997 4192 ec
1018 4126 1295 4209 dispensatores
1319 4128 1417 4195 dici-

269 4258 413 4323 itarem
430 4250 514 4317 Dei.

305 4516 313 4540 ¹
322 4512 396 4564 Iino.
410 4510 518 4563 aerum
529 4506 687 4561 Noverunt
