3125 5317
766 564 809 629 1‘2

210 744 375 831 ponitur,
395 744 500 815 istud
520 745 672 848 quidem
689 752 747 814 est
762 745 888 815 subire
905 745 983 813 vim
1010 744 1071 814 cui
1094 742 1279 833 justititia
1304 759 1372 809 re·

211 872 380 939 clamatl

742 1001 826 1048 xxx.

257 1140 419 1208 Nomine
432 1142 577 1227 opificis
584 1142 725 1227 frugis
736 1146 775 1208 et
792 1140 878 1209 bene
894 1144 1030 1208 morati
1046 1139 1262 1227 inteligitur
1278 1135 1370 1223 opi-

211 1266 277 1333 fex
295 1267 419 1356 qualis
434 1273 492 1334 est
509 1267 548 1332 in
565 1273 747 1351 concreto,
768 1266 809 1333 id
826 1273 893 1351 est,
915 1287 996 1333 oum
1020 1265 1193 1334 omnibus
1217 1263 1371 1349 obliga-

212 1391 382 1459 tionibus
410 1413 507 1479 quae
535 1393 575 1458 in
605 1394 792 1460 communi
820 1394 903 1480 ejus
934 1392 1148 1459 conditione
1174 1390 1365 1471 existunt,

212 1518 377 1610 adeoque
409 1540 493 1585 oum
525 1519 756 1606 obligatione
784 1519 967 1586 familiam
999 1517 1199 1585 educandi:
1235 1534 1369 1583 conse-

213 1652 369 1733 quenter
397 1645 576 1711 salarium
600 1645 807 1731 generatim
834 1645 1020 1736 loquendo
1046 1644 1157 1711 debet
1180 1662 1259 1709 esse
1285 1660 1370 1708 uon

183 1834 184 1837 ,
213 1775 361 1838 tantum
379 1770 616 1838 individuale
632 1771 695 1837 sed
715 1770 910 1837 familiale.

731 1950 841 1997 XXXI.

259 2074 320 2141 Ad
338 2075 535 2143 solvendas
552 2075 823 2141 controversias
841 2092 936 2153 quae
954 2073 999 2139 de
1013 2073 1149 2139 salario
1163 2072 1273 2139 facile
1289 2071 1369 2138 ori-

215 2207 331 2267 untur
348 2200 446 2268 iuter
467 2221 621 2285 operum
646 2201 891 2267 conductores
914 2206 952 2266 et
976 2199 1136 2283 opifices,
1157 2198 1375 2265 utilissima

214 2334 305 2393 sunt
321 2327 519 2393 arbitriaet
535 2326 712 2392 instituta
734 2325 1021 2408 conciliationis,
1043 2344 1201 2413 quorum
1217 2330 1369 2391 senten-

214 2453 291 2521 tiae
315 2472 389 2519 non
420 2452 531 2519 modo
553 2452 629 2517 vim
658 2451 835 2517 moralem
870 2450 1006 2517 babere
1038 2454 1206 2535 possunt,
1235 2468 1371 2515 verum

215 2576 330 2646 etiam
347 2577 549 2664 quamdam
567 2576 830 2644 auctoritatem
848 2575 1015 2661 legalem.

728 2756 857 2803 XXXII.

262 2888 335 2955 Ubi
353 2888 400 2954 ad
419 2887 719 2954 conciliationem
737 2888 902 2955 deveniri
930 2906 1002 2953 non
1021 2886 1158 2972 potuit,
1178 2885 1373 2972 generalis

217 3013 377 3081 cessatio
394 3014 533 3080 laboris
550 3014 627 3080 sive
643 3034 688 3078 ex
704 3020 812 3098 parte
836 3013 1011 3098 opificum
1037 3012 1206 3099 (strikes)
1224 3011 1301 3079 sive
1318 3032 1372 3078 ex

216 3146 323 3227 parte
346 3140 616 3207 conductorum
642 3140 846 3224 (lockouts)
880 3159 952 3205 non
978 3146 1106 3206 estex
1131 3159 1169 3205 se
1195 3139 1370 3226 injusta:

217 3266 418 3333 constituit
440 3272 565 3333 tamen
590 3266 753 3332 medium
779 3274 985 3332 extrermrm
1013 3266 1052 3330 in
1085 3286 1158 3357 quo
1184 3265 1278 3332 varii
1305 3286 1373 3351 ge-

218 3393 317 3459 neris
334 3398 423 3459 sunt
439 3392 696 3474 incommoda3
721 3411 794 3458 non
816 3391 934 3458 solum
961 3391 1071 3458 emim
1094 3391 1236 3458 “heros
1252 3398 1376 3479 atque

219 3518 371 3604 opifices
389 3519 490 3603 ipsos
507 3518 622 3585 afficit
638 3519 786 3598 damno,
803 3518 866 3584 sed
884 3517 1104 3584 mercaturis
1117 3517 1223 3585 obest
1238 3517 1377 3607 reique

217 3645 392 3731 publicae
418 3644 678 3725 utilitatibus;
706 3664 864 3729 cumque
890 3643 992 3709 haud
1018 3644 1149 3728 procul
1175 3664 1254 3711 esse
1281 3665 1302 3710 a
1330 3646 1377 3711 vi

218 3772 415 3857 turbisque
439 3772 569 3854 soleat,
597 3790 862 3855 saepenumero
895 3769 1211 3855 tranquillitatem
1244 3770 1377 3856 publi—

220 3918 300 3965 cam
318 3896 356 3963 in
375 3896 574 3964 discrimen
592 3896 812 3962 adducit.”2

722 4074 868 4122 xxxru.
975 4043 977 4047 ’

269 4209 293 4241 “
305 4202 479 4268 Privatae
495 4201 693 4267 societates
710 4199 806 4266 inire
823 4220 1035 4266 concessum
1052 4207 1110 4267 est
1126 4200 1268 4267 homini
1285 4201 1381 4286 jure

258 4410 265 4433 ¹
277 4405 350 4458 Eno.
366 4406 474 4456 Rerum
485 4404 635 4456 Novom

258 4493 267 4516 ²
276 4490 350 4542 Eno.
365 4489 475 4542 Rerum
485 4489 644 4541 Novarum.
