3125 5317
850 523 870 584 o

839 714 894 764 vl.

311 819 460 908 Iniusta
477 820 742 914 criminatione
754 821 998 890 scholasticos
1023 823 1189 889 obterere
1207 821 1348 909 satagit
1364 817 1467 888 idem

266 929 406 997 Doctor
429 931 663 1016 Anglioanus
688 950 904 997 asseverans
928 951 975 998 ex
995 930 1158 1014 illorum,
1179 931 1399 1016 praesertim
1427 931 1464 995 S.

266 1037 438 1122 Thomas,
472 1039 506 1105 S.
540 1038 837 1122 Bonaventnrae‚
870 1046 907 1105 et
941 1038 1041 1105 Scoti
1070 1037 1242 1106 doctrina
1275 1039 1468 1106 transsub-

265 1147 548 1214 stantiationem
565 1167 639 1214 non
655 1145 842 1232 pertinere
859 1146 906 1214 ad
923 1147 1059 1234 dogma
1076 1146 1324 1215 Catholicum.

830 1325 900 1373 VII.

311 1432 761 1500 Transsubstantiationis
789 1431 962 1499 doctrina
988 1453 1036 1498 ex
1062 1433 1183 1498 verbis
1212 1431 1471 1499 institutionis

266 1541 528 1609 Eucharistiae
552 1546 632 1607 tum
657 1558 724 1626 per
747 1561 786 1607 se
811 1541 1000 1626 inspectis,
1022 1549 1102 1607 tum
1127 1541 1393 1608 commentario
1411 1540 1469 1606 in-

266 1650 440 1718 tellectus
465 1649 652 1718 Catholici
668 1649 886 1734 explicatis
903 1649 1117 1717 firmissima
1142 1649 1471 1736 argumentatione

267 1758 469 1844 colligitur.

824 1885 911 1933 vm.

314 1993 485 2079 Sumptio
510 1991 772 2060 Eucharistiae
797 1991 1006 2060 necessaria
1030 1997 1088 2060 est
1111 1992 1334 2060 necessitate
1363 2011 1471 2076 prae·

269 2103 368 2188 cepti
396 2111 476 2168 tum
501 2101 624 2167 divini
647 2106 728 2167 tum
754 2100 942 2168 Ecclesiae
967 2101 1015 2166 iis
1040 2100 1107 2186 qui
1132 2101 1247 2188 hujus
1275 2099 1471 2186 praecepti

268 2217 357 2278 sunt
380 2230 558 2296 capaces3
583 2208 786 2276 necessitas
810 2229 896 2276 vero
922 2209 1036 2276 medii
1061 2209 1166 2276 nulla
1191 2217 1249 2276 est
1272 2209 1471 2288 absoluta;

267 2327 325 2388 est
352 2325 477 2386 tamen
501 2317 645 2384 adultis
669 2335 872 2385 sumenuae
897 2316 1159 2384 Eucharistiae
1184 2316 1313 2404 aliqua
1345 2337 1471 2394 ncces-

268 2429 362 2496 sitas
382 2426 545 2494 moralis.

837 2552 891 2600 rx.

314 2661 472 2742 Quando
489 2661 536 2727 de
552 2681 640 2726 vera
652 2659 795 2727 Christi
813 2659 979 2727 Ecclesia
990 2660 1162 2745 quaestio
1173 2661 1225 2744 fit,
1242 2662 1318 2747 J'am
1330 2681 1377 2725 ex
1389 2659 1473 2726 sola

268 2770 504 2856 expositione
519 2768 701 2835 historica
728 2773 852 2834 status
868 2767 1101 2853 quaestionis
1127 2768 1343 2836 Catholioos
1370 2768 1474 2833 inter

270 2888 308 2946 et
324 2880 583 2946 Protestantes
612 2877 812 2943 manifesto
838 2883 944 2961 patet
961 2877 998 2942 vi
1024 2877 1365 2943 fundamentalium
1398 2876 1471 2943 Re-

267 2987 505 3055 formationis
521 2985 804 3071 principiorum,
820 2985 972 3052 excludi
983 3005 1126 3052 omnem
1146 2986 1334 3052 notionem
1346 2985 1471 3051 Eccle-

268 3099 344 3164 siae
355 3095 540 3163 divinitus
550 3094 750 3160 institutae
760 3099 874 3179 atque
885 3095 978 3160 adeo
994 3094 1033 3159 in
1048 3093 1160 3160 sectis
1171 3093 1472 3161 Protestantium

269 3207 412 3272 nullam
430 3224 509 3272 esse
526 3202 730 3269 Ecclesiam
749 3201 904 3269 christi.

845 3381 882 3428 X.

314 3489 500 3576 Spectatis
517 3487 868 3554 fundamentalibus
892 3487 1091 3572 principiis
1116 3487 1170 3554 sic
1195 3487 1320 3554 dictae
1339 3487 1471 3554 Reior-

267 3599 454 3680 mationis,
480 3597 631 3665 omnino
657 3596 730 3662 sibi
757 3596 931 3662 cohaeret
958 3595 1092 3663 Winer
1116 3595 1320 3662 affirmans:
1353 3595 1470 3663 “Pro-

268 3708 527 3776 testantismus
560 3726 599 3771 se
629 3704 754 3790 ipsum
788 3705 1008 3788 destrueret,
1045 3704 1076 3770 si
1105 3704 1308 3771 Ecclesiam
1339 3725 1471 3790 agnos·

267 3825 366 3883 cenet
397 3815 600 3882 secundum
634 3833 740 3880 suam
772 3813 973 3880 essentiam
1007 3819 1050 3878 ut
1089 3819 1282 3880 externam
1317 3813 1470 3880 institu-

268 3925 448 3992 tionem.'’
460 3925 472 3966 ¹

839 4049 892 4096 xr.

313 4159 475 4226 Ratione
492 4157 625 4224 habita
649 4156 842 4222 doctrinae
870 4156 1096 4242 scripturae,
1123 4155 1237 4222 etiam
1264 4156 1469 4222 secundum

267 4268 493 4354 principium
529 4265 828 4332 Protestantium
862 4265 908 4330 de
937 4265 1018 4368 eius
1050 4264 1266 4331 omnimoda
1294 4265 1471 4332 claritate

335 4410 524 4474 vocamus
535 4409 734 4473 messeanam
747 4408 914 4457 diversorum
929 4407 1121 4470 Ecclast'orum,
1135 4409 1151 4474 g
1167 4407 1204 4459 19,
