3125 5317
657 570 677 651 9..

109 755 136 835 cl
152 768 296 836 ertemal
324 790 578 857 appearance
606 798 648 845 as
674 776 837 861 adopted
863 777 915 862 by
941 776 1006 843 the
1032 775 1142 843 Bible
1167 762 1241 843 and

7 986 8 1011 Χ
109 896 153 963 ihc
166 915 281 981 proper
297 896 497 987 langnage
517 902 560 967 of
578 908 806 988 astronomy.

618 1080 713 1128 XXII.

137 1216 197 1281 The
221 1218 522 1288 condemnation
550 1224 592 1288 cf
620 1222 683 1289 the
708 1221 879 1288 doctrine
905 1223 944 1286 of
971 1220 1171 1306 antipodes
1189 1221 1239 1306 by

7 1340 8 1425 s
106 1342 180 1427 Pope
193 1342 391 1411 Zacharias
410 1368 494 1415 was
507 1360 575 1415 not
586 1348 752 1415 directed
763 1347 914 1432 against
925 1346 1068 1413 science
1079 1367 1119 1413 as
1132 1346 1236 1426 such,

7 1448 9 1541 i
106 1470 154 1535 but
166 1469 302 1553 against
329 1492 380 1537 an
394 1493 507 1540 error
524 1474 565 1541 of
590 1473 700 1546 raith.
722 1474 791 1540 viz:
819 1472 883 1539 the
906 1473 1083 1558 negation
1110 1472 1150 1539 oi
1176 1472 1239 1539 the

107 1595 189 1679 nnitv
204 1594 240 1660 oi
253 1596 448 1665 mankind
468 1599 596 1665 which
614 1620 687 1667 was
713 1598 897 1684 virtually
914 1597 1114 1665 contained
1134 1598 1174 1663 in
1192 1598 1234 1664 it.

607 1780 724 1828 XXIII.

137 1918 210 1985 Tres
223 1920 288 2007 qui
305 1921 505 2007 distingui
525 1928 684 2007 possunt
701 1921 853 1988 divinae
864 1920 1106 1988 revelationis
1119 1921 1237 1987 veluti

105 2044 224 2129 grandus,
253 2052 422 2114 naturae
449 2045 607 2130 scilicet,
643 2047 787 2132 gratiae
815 2052 853 2113 ct
880 2046 1033 2132 gloriae,
1063 2066 1136 2112 non
1163 2036 1244 2112 tres

107 2170 243 2255 ejusdem
260 2172 415 2255 generis
433 2172 577 2258 species
594 2172 830 2238 constituunt
856 2171 921 2237 sed
950 2170 1144 2256 analogice
1158 2178 1237 2237 tan·

7 2356 8 2377 p
106 2310 167 2362 tum
181 2297 275 2363 inter
291 2318 331 2363 se
351 2299 597 2365 conveniunt.

612 2442 720 2490 xxm.

142 2580 367 2651 Profundam
405 2584 509 2653 illam
553 2576 708 2669 veieque
741 2582 996 2652 Christianam
1029 2582 1239 2650 doctrinam

107 2728 183 2793 qnae
198 2710 338 2776 stat-nit
356 2710 606 2794 cognitionem
624 2728 767 2775 omnem
794 2707 997 2775 humanam
1011 2709 1239 2794 supersensi-

109 2832 211 2911 bilem‚
231 2835 398 2901 maxime
414 2856 499 2901 vero
517 2835 713 2919 cellgosam
731 2841 768 2900 et
785 2833 946 2900 ethicam
966 2834 1096 2919 aliqua
1113 2834 1242 2900 divina

109 2958 166 3023 niti
192 2960 428 3043 revelatione,
449 2959 783 3025 Traditionalistae
806 2966 843 3025 et
869 2958 1128 3043 Ontologistae
1145 2959 1242 3026 falso
1317 3016 1322 3027 .

112 3084 154 3149 ila
176 3086 412 3171 explicarunt
439 3093 482 3152 nt
509 3085 632 3151 varios
657 3084 898 3151 revelationis
924 3084 1063 3169 gradus
1090 3085 1242 3152 omnino

110 3210 360 3277 confunderent
387 3220 423 3278 et
451 3218 531 3277 tum
561 3212 768 3277 naturalem
804 3216 882 3276 tum
916 3212 1240 3295 supernaturalem

110 3336 244 3421 propria
262 3358 328 3405 sua
345 3338 380 3404 vi
399 3358 441 3405 ac
459 3346 598 3403 natura
610 3336 870 3403 destituerent.

618 3516 712 3563 XXV.

154 3666 174 3695 '·‘
185 3658 412 3726 Revelationi
426 3658 620 3744 positivae,
637 3656 878 3723 tribuendum
897 3655 1049 3741 quidem
1067 3663 1123 3724 est
1140 3665 1183 3723 ut
1199 3678 1243 3725 ea

113 3802 194 3867 quae
209 3784 246 3850 in
261 3784 368 3851 rebus
387 3783 531 3851 divinis
549 3783 731 3849 humanae
749 3782 887 3848 rationi
907 3802 972 3867 per
988 3802 1027 3848 se
1056 3781 1238 3867 impervia

116 3926 177 3973 non
199 3918 290 3989 sunt,
311 3910 348 3976 in
375 3908 564 3994 praesenti
591 3928 739 3994 qnoque
767 3907 914 3991 generis
940 3906 1096 3973 humani
1114 3909 1241 3974 condi-

117 4031 205 4099 tione
220 4035 262 4101 ab
273 4034 445 4101 omnibns
462 4034 647 4117 expedite,
669 4033 775 4107 lirina
793 4031 986 4098 certudine
1003 4039 1040 4097 et
1057 4032 1162 4099 nullo
1179 4034 1241 4100 ad-

118 4158 221 4225 mixto
246 4180 364 4226 errore
396 4160 565 4245 cognosci
593 4164 762 4245 possunt.
815 4157 901 4224 Non
938 4157 1007 4223 hac
1040 4164 1165 4223 tamen
1197 4160 1243 4225 de

119 4304 214 4353 causa
228 4287 401 4353 revelatio
418 4286 586 4353 absolute
608 4284 814 4352 necessaria
832 4284 993 4350 dicenda
1009 4285 1124 4351 est.”¹

124 4414 290 4423 -——-..—-...
405 4418 433 4422 .-
463 4418 485 4421 -
525 4415 763 4422 —..-.—----
781 4414 894 4420 ———

154 4464 252 4516 'Const
266 4464 326 4517 Dei
336 4464 438 4525 Filius,
451 4479 475 4516 c.
491 4478 514 4514 2.
565 4533 568 4547 y
