3125 5317
687 530 729 593 11

651 727 760 777 XXVI.

172 881 270 950 “Jus
286 884 386 952 inest
397 884 579 953 Romano
595 884 771 953 Pontifici
785 884 951 953 habendi
969 882 1120 972 aliquos
1136 884 1178 952 in
1202 884 1277 952 dis-

132 1007 210 1075 sitis
233 1010 453 1093 praesertim
478 1010 592 1095 loeis,
621 1010 686 1097 qui
711 1010 778 1077 Sui
803 1010 970 1078 absentis
995 1010 1197 1079 Personam
1223 1029 1278 1077 re·

131 1143 378 1220 pmesentent3
402 1136 469 1222 qui
484 1135 793 1224 jurisdictionem
812 1136 924 1203 Suam
941 1142 1056 1223 etque
1076 1134 1277 1203 auotorita-

133 1267 202 1326 tem
217 1260 349 1327 stabili
361 1260 602 1347 delegatione
615 1261 787 1329 oollatum
806 1266 1015 1344 exerceant,
1030 1261 1097 1347 qni
1114 1260 1278 1347 denique

135 1383 225 1451 Snus
239 1386 340 1453 vioes
356 1386 536 1454 obeant.'’
558 1388 573 1437 1

636 1547 764 1596 xxvn.

182 1703 414 1773 “Possidere
438 1704 589 1791 aliquid
614 1706 722 1791 quasi
747 1705 943 1791 proprium
972 1709 1030 1772 est
1061 1704 1209 1771 linitum
1241 1712 1279 1771 et

135 1831 453 1914 umanum,’'2
476 1836 610 1916 utpote
631 1830 819 1898 conforme
835 1836 916 1898 tum
933 1837 1090 1898 naturae
1114 1828 1279 1897 hominis

134 1962 213 2023 tum
229 1963 387 2023 naturae
403 1974 540 2023 rerum.

632 2099 773 2147 xxvnr.

178 2256 283 2323 Lioet
298 2255 449 2341 privetu
465 2276 588 2322 rerum
611 2256 797 2341 possessio
814 2264 972 2323 naturae
988 2256 1039 2323 sit
1063 2254 1275 2338 conformis,

135 2387 256 2447 tamen
279 2381 443 2447 actualis
466 2399 594 2446 aerum
611 2380 795 2466 possessio
820 2399 894 2447 non
917 2386 974 2447 est
999 2400 1020 2447 a
1045 2386 1192 2465 nutura,
1214 2379 1279 2447 sed

135 2505 317 2573 fundatur
334 2506 375 2573 in
390 2505 503 2571 iactis
519 2504 695 2572 humanis
724 2525 821 2592 quae
837 2505 1017 2573 dicuntur
1032 2504 1279 2591 possessionis

135 2630 238 2697 ritule
250 2654 263 2695 .·
298 2630 429 2697 horum
460 2630 659 2697 titulorum
686 2630 861 2715 primarii
894 2635 984 2699 eunt
1015 2630 1212 2715 occupatio
1240 2634 1278 2696 et

135 2757 248 2823 labor.

648 2898 760 2946 xxrx.

176 3058 248 3126 Jns
276 3058 446 3144 privatae
474 3057 721 3143 possessionis
738 3076 872 3139 rerum,
894 3056 995 3143 quod
1021 3064 1101 3123 tum
1130 3056 1274 3143 exlege

132 3184 299 3252 naturali
319 3189 400 3251 tum
416 3202 464 3249 ex
480 3184 560 3269 lege
583 3181 798 3269 evangeliea
822 3201 1113 3269 propugnamus,
1144 3202 1279 3270 suppo·

133 3311 237 3377 nitur
245 3308 386 3376 debitis
396 3307 585 3375 limitibus
596 3306 934 3393 circumscriptum:
955 3325 1028 3375 non
1040 3306 1279 3375 admittimus

133 3436 276 3503 seilieet
299 3434 362 3520 jus
385 3432 612 3516 absolutum,
628 3431 878 3515 illimitatum,
899 3430 1166 3517 independens,
1187 3432 1275 3500 irre-

133 3558 349 3646 sponsibile.

657 3700 753 3748 xxx.

139 3888 146 3899 '
176 3878 312 3945 Differt
326 3875 484 3964 justitia
500 3894 522 3941 a
539 3874 695 3941 caritate
712 3882 899 3960 quatenus
916 3880 1022 3941 aetus
1038 3874 1210 3961 justitiae
1221 3881 1279 3943 est

135 4006 278 4074 reddere
294 4003 506 4088 unicuique
523 4000 624 4088 quod
641 4021 749 4068 suum
766 4008 824 4068 est
838 4024 846 4083 3
872 4006 979 4068 aetus
996 4021 1082 4067 vero
1108 4002 1279 4070 caritatis

133 4133 230 4200 alteri
245 4128 531 4199 communicare
545 4126 647 4213 qnod
663 4126 856 4212 proprium
874 4134 941 4193 est.

311 4291 525 4301 ——--›—--——
538 4292 563 4296 —

142 4439 436 4495 sgm2.2,q.66,22
