<?xml version="1.0" encoding="UTF-8"?>
<!DOCTYPE html PUBLIC "-//W3C//DTD XHTML 1.0 Transitional//EN"
    "http://www.w3.org/TR/xhtml1/DTD/xhtml1-transitional.dtd">
<html xmlns="http://www.w3.org/1999/xhtml" xml:lang="en" lang="en">
 <head>
  <title>
</title>
<meta http-equiv="Content-Type" content="text/html;charset=utf-8" />
  <meta name='ocr-system' content='tesseract 3.04.00' />
  <meta name='ocr-capabilities' content='ocr_page ocr_carea ocr_par ocr_line ocrx_word'/>
</head>
<body>
  <div class='ocr_page' id='page_1' title='image "./thesesadlicenti00amergoog_0338.png"; bbox 0 0 3125 5317; ppageno 0'>
   <div class='ocr_carea' id='block_1_1' title="bbox 0 4396 216 4664">
    <p class='ocr_par' dir='ltr' id='par_1_1' title="bbox 0 4396 216 4664">
     <span class='ocr_line' id='line_1_1' title="bbox 0 4396 216 4664; baseline 0 653"><span class='ocrx_word' id='word_1_1' title='bbox 0 4396 216 4664; x_wconf 95' lang='lat' dir='ltr'><strong> </strong></span> 
     </span>
    </p>
   </div>
   <div class='ocr_carea' id='block_1_2' title="bbox 1630 488 1727 551">
    <p class='ocr_par' dir='ltr' id='par_1_2' title="bbox 1630 488 1727 551">
     <span class='ocr_line' id='line_1_2' title="bbox 1630 488 1727 551; baseline 0.01 -1"><span class='ocrx_word' id='word_1_2' title='bbox 1630 488 1727 551; x_wconf 89' lang='lat'><strong>10</strong></span> 
     </span>
    </p>
   </div>
   <div class='ocr_carea' id='block_1_3' title="bbox 537 655 2832 1061">
    <p class='ocr_par' dir='ltr' id='par_1_3' title="bbox 537 655 2832 1061">
     <span class='ocr_line' id='line_1_3' title="bbox 1538 655 1785 711; baseline 0.008 -2"><span class='ocrx_word' id='word_1_3' title='bbox 1538 655 1785 711; x_wconf 84' lang='lat' dir='ltr'>XXXV.</span> 
     </span>
     <span class='ocr_line' id='line_1_4' title="bbox 625 752 2826 844; baseline 0.003 -26"><span class='ocrx_word' id='word_1_4' title='bbox 625 752 1033 820; x_wconf 56' lang='lat' dir='ltr'><strong>Restitutio</strong></span> <span class='ocrx_word' id='word_1_5' title='bbox 1059 754 1408 842; x_wconf 87' lang='lat' dir='ltr'><strong>hominis,</strong></span> <span class='ocrx_word' id='word_1_6' title='bbox 1443 756 1522 823; x_wconf 94' lang='lat' dir='ltr'><strong>in</strong></span> <span class='ocrx_word' id='word_1_7' title='bbox 1555 762 1756 825; x_wconf 89' lang='lat' dir='ltr'><strong>terra</strong></span> <span class='ocrx_word' id='word_1_8' title='bbox 1775 756 2235 844; x_wconf 80' lang='lat' dir='ltr'><strong>imperfecta,</strong></span> <span class='ocrx_word' id='word_1_9' title='bbox 2269 757 2350 824; x_wconf 91' lang='lat' dir='ltr'><strong>in</strong></span> <span class='ocrx_word' id='word_1_10' title='bbox 2371 757 2597 825; x_wconf 90' lang='lat' dir='ltr'><strong>coelis</strong></span> <span class='ocrx_word' id='word_1_11' title='bbox 2632 777 2826 825; x_wconf 92' lang='lat' dir='ltr'><strong>com·</strong></span> 
     </span>
     <span class='ocr_line' id='line_1_5' title="bbox 537 860 2832 952; baseline 0.002 -27"><span class='ocrx_word' id='word_1_12' title='bbox 537 860 757 944; x_wconf 61' lang='lat' dir='ltr'><strong>plata,</strong></span> <span class='ocrx_word' id='word_1_13' title='bbox 837 864 1102 928; x_wconf 72' lang='lat' dir='ltr'><strong>iisdem</strong></span> <span class='ocrx_word' id='word_1_14' title='bbox 1167 863 1463 932; x_wconf 86' lang='lat' dir='ltr'><strong>actibus</strong></span> <span class='ocrx_word' id='word_1_15' title='bbox 1527 865 2003 952; x_wconf 78' lang='lat' dir='ltr'><strong>cognitionis,</strong></span> <span class='ocrx_word' id='word_1_16' title='bbox 2070 865 2345 933; x_wconf 91' lang='lat' dir='ltr'><strong>amoris</strong></span> <span class='ocrx_word' id='word_1_17' title='bbox 2400 871 2477 933; x_wconf 90' lang='lat' dir='ltr'><strong>et</strong></span> <span class='ocrx_word' id='word_1_18' title='bbox 2539 863 2832 933; x_wconf 85' lang='lat' dir='ltr'><strong>servitii</strong></span> 
     </span>
     <span class='ocr_line' id='line_1_6' title="bbox 537 968 2636 1061; baseline 0.004 -29"><span class='ocrx_word' id='word_1_19' title='bbox 537 968 673 1032; x_wconf 71' lang='lat' dir='ltr'><strong>Dei</strong></span> <span class='ocrx_word' id='word_1_20' title='bbox 713 971 1123 1038; x_wconf 48' lang='lat' dir='ltr'><strong>ultitinenda</strong></span> <span class='ocrx_word' id='word_1_21' title='bbox 1156 977 1290 1056; x_wconf 91' lang='lat' dir='ltr'><strong>est,</strong></span> <span class='ocrx_word' id='word_1_22' title='bbox 1322 972 1601 1059; x_wconf 88' lang='lat' dir='ltr'><strong>quibus</strong></span> <span class='ocrx_word' id='word_1_23' title='bbox 1634 973 1957 1042; x_wconf 89' lang='lat' dir='ltr'><strong>habetur</strong></span> <span class='ocrx_word' id='word_1_24' title='bbox 1989 973 2133 1041; x_wconf 89' lang='lat' dir='ltr'><strong>Dei</strong></span> <span class='ocrx_word' id='word_1_25' title='bbox 2164 972 2636 1061; x_wconf 90' lang='lat' dir='ltr'><strong>glorificatio.</strong></span> 
     </span>
    </p>
   </div>
   <div class='ocr_carea' id='block_1_4' title="bbox 1542 1113 1817 1169">
    <p class='ocr_par' dir='ltr' id='par_1_4' title="bbox 1542 1113 1817 1169">
     <span class='ocr_line' id='line_1_7' title="bbox 1542 1113 1817 1169; baseline 0.004 -2"><span class='ocrx_word' id='word_1_26' title='bbox 1542 1113 1817 1169; x_wconf 83' lang='lat' dir='ltr'>XXXVI.</span> 
     </span>
    </p>
   </div>
   <div class='ocr_carea' id='block_1_5' title="bbox 537 1212 2829 1512">
    <p class='ocr_par' dir='ltr' id='par_1_5' title="bbox 537 1212 2829 1512">
     <span class='ocr_line' id='line_1_8' title="bbox 633 1212 2829 1301; baseline 0.001 -26"><span class='ocrx_word' id='word_1_27' title='bbox 633 1212 837 1276; x_wconf 64' lang='lat' dir='ltr'><strong>Licet·</strong></span> <span class='ocrx_word' id='word_1_28' title='bbox 877 1212 1092 1280; x_wconf 67' lang='lat' dir='ltr'><strong>homo</strong></span> <span class='ocrx_word' id='word_1_29' title='bbox 1119 1214 1565 1282; x_wconf 74' lang='lat' dir='ltr'><strong>necessitate</strong></span> <span class='ocrx_word' id='word_1_30' title='bbox 1590 1221 1909 1283; x_wconf 91' lang='lat' dir='ltr'><strong>naturae</strong></span> <span class='ocrx_word' id='word_1_31' title='bbox 1929 1216 2205 1282; x_wconf 92' lang='lat' dir='ltr'><strong>bonum</strong></span> <span class='ocrx_word' id='word_1_32' title='bbox 2233 1219 2565 1301; x_wconf 86' lang='lat' dir='ltr'><strong>appetat,</strong></span> <span class='ocrx_word' id='word_1_33' title='bbox 2602 1212 2829 1279; x_wconf 89' lang='lat' dir='ltr'><strong>nihil-</strong></span> 
     </span>
     <span class='ocr_line' id='line_1_9' title="bbox 537 1320 2829 1410; baseline 0.001 -26"><span class='ocrx_word' id='word_1_34' title='bbox 537 1320 829 1384; x_wconf 69' lang='lat' dir='ltr'><strong>ominus</strong></span> <span class='ocrx_word' id='word_1_35' title='bbox 869 1320 945 1384; x_wconf 81' lang='lat' dir='ltr'><strong>in</strong></span> <span class='ocrx_word' id='word_1_36' title='bbox 977 1321 1495 1404; x_wconf 80' lang='lat' dir='ltr'><strong>prosecutione</strong></span> <span class='ocrx_word' id='word_1_37' title='bbox 1529 1343 1784 1391; x_wconf 93' lang='lat' dir='ltr'><strong>eorum</strong></span> <span class='ocrx_word' id='word_1_38' title='bbox 1827 1323 1908 1390; x_wconf 92' lang='lat' dir='ltr'><strong>in</strong></span> <span class='ocrx_word' id='word_1_39' title='bbox 1941 1322 2216 1410; x_wconf 88' lang='lat' dir='ltr'><strong>quibus</strong></span> <span class='ocrx_word' id='word_1_40' title='bbox 2250 1323 2613 1390; x_wconf 87' lang='lat' dir='ltr'><strong>rationem</strong></span> <span class='ocrx_word' id='word_1_41' title='bbox 2649 1321 2829 1388; x_wconf 91' lang='lat' dir='ltr'><strong>boni</strong></span> 
     </span>
     <span class='ocr_line' id='line_1_10' title="bbox 537 1428 2424 1512; baseline 0.003 -20"><span class='ocrx_word' id='word_1_42' title='bbox 537 1428 1053 1512; x_wconf 56' lang='lat' dir='ltr'><strong>deprehendit,</strong></span> <span class='ocrx_word' id='word_1_43' title='bbox 1095 1429 1286 1497; x_wconf 86' lang='lat' dir='ltr'><strong>liber</strong></span> <span class='ocrx_word' id='word_1_44' title='bbox 1319 1437 1434 1499; x_wconf 88' lang='lat' dir='ltr'><strong>est</strong></span> <span class='ocrx_word' id='word_1_45' title='bbox 1465 1430 1815 1499; x_wconf 84' lang='lat' dir='ltr'><strong>libertate</strong></span> <span class='ocrx_word' id='word_1_46' title='bbox 1847 1430 2424 1499; x_wconf 84' lang='lat' dir='ltr'><strong>indifferentiae.</strong></span> 
     </span>
    </p>
   </div>
   <div class='ocr_carea' id='block_1_6' title="bbox 1537 1587 1841 1644">
    <p class='ocr_par' dir='ltr' id='par_1_6' title="bbox 1537 1587 1841 1644">
     <span class='ocr_line' id='line_1_11' title="bbox 1537 1587 1841 1644; baseline 0.003 -3"><span class='ocrx_word' id='word_1_47' title='bbox 1537 1587 1841 1644; x_wconf 88' lang='lat' dir='ltr'>XXXVII.</span> 
     </span>
    </p>
   </div>
   <div class='ocr_carea' id='block_1_7' title="bbox 537 1684 2832 2100">
    <p class='ocr_par' dir='ltr' id='par_1_7' title="bbox 537 1684 2832 2100">
     <span class='ocr_line' id='line_1_12' title="bbox 629 1684 2832 1775; baseline 0.003 -28"><span class='ocrx_word' id='word_1_48' title='bbox 629 1684 869 1764; x_wconf 72' lang='lat' dir='ltr'><strong>Quum</strong></span> <span class='ocrx_word' id='word_1_49' title='bbox 913 1688 1217 1755; x_wconf 76' lang='lat' dir='ltr'><strong>libertas</strong></span> <span class='ocrx_word' id='word_1_50' title='bbox 1250 1708 1295 1755; x_wconf 93' lang='lat' dir='ltr'><strong>a</strong></span> <span class='ocrx_word' id='word_1_51' title='bbox 1344 1688 1637 1756; x_wconf 87' lang='lat' dir='ltr'><strong>ratione</strong></span> <span class='ocrx_word' id='word_1_52' title='bbox 1667 1690 2013 1775; x_wconf 86' lang='lat' dir='ltr'><strong>pendeat,</strong></span> <span class='ocrx_word' id='word_1_53' title='bbox 2055 1689 2439 1758; x_wconf 86' lang='lat' dir='ltr'><strong>evidenter</strong></span> <span class='ocrx_word' id='word_1_54' title='bbox 2488 1687 2832 1774; x_wconf 90' lang='lat' dir='ltr'><strong>sequitur</strong></span> 
     </span>
     <span class='ocr_line' id='line_1_13' title="bbox 537 1795 2828 1884; baseline 0.003 -28"><span class='ocrx_word' id='word_1_55' title='bbox 537 1812 697 1856; x_wconf 72' lang='lat' dir='ltr'><strong>sam</strong></span> <span class='ocrx_word' id='word_1_56' title='bbox 741 1816 881 1860; x_wconf 68' lang='lat' dir='ltr'><strong>nun</strong></span> <span class='ocrx_word' id='word_1_57' title='bbox 913 1796 1168 1862; x_wconf 72' lang='lat' dir='ltr'><strong>haberi</strong></span> <span class='ocrx_word' id='word_1_58' title='bbox 1193 1797 1310 1863; x_wconf 85' lang='lat' dir='ltr'><strong>vel</strong></span> <span class='ocrx_word' id='word_1_59' title='bbox 1343 1798 1611 1865; x_wconf 92' lang='lat' dir='ltr'><strong>saltem</strong></span> <span class='ocrx_word' id='word_1_60' title='bbox 1636 1797 2069 1884; x_wconf 81' lang='lat' dir='ltr'><strong>imperfecte</strong></span> <span class='ocrx_word' id='word_1_61' title='bbox 2092 1797 2354 1866; x_wconf 87' lang='lat' dir='ltr'><strong>haberi</strong></span> <span class='ocrx_word' id='word_1_62' title='bbox 2373 1797 2453 1863; x_wconf 92' lang='lat' dir='ltr'><strong>in</strong></span> <span class='ocrx_word' id='word_1_63' title='bbox 2476 1796 2572 1864; x_wconf 92' lang='lat' dir='ltr'><strong>iis</strong></span> <span class='ocrx_word' id='word_1_64' title='bbox 2593 1795 2828 1863; x_wconf 91' lang='lat' dir='ltr'><strong>homi-</strong></span> 
     </span>
     <span class='ocr_line' id='line_1_14' title="bbox 541 1900 2829 1993; baseline 0.003 -29"><span class='ocrx_word' id='word_1_65' title='bbox 541 1900 657 1964; x_wconf 61' lang='lat' dir='ltr'><strong>nis</strong></span> <span class='ocrx_word' id='word_1_66' title='bbox 737 1904 1298 1971; x_wconf 61' lang='lat' dir='ltr'><strong>minditionibus</strong></span> <span class='ocrx_word' id='word_1_67' title='bbox 1378 1906 1939 1974; x_wconf 88' lang='lat' dir='ltr'><strong>abnormalibus</strong></span> <span class='ocrx_word' id='word_1_68' title='bbox 1990 1902 2082 1972; x_wconf 70' lang='lat' dir='ltr'><strong>&#39;in</strong></span> <span class='ocrx_word' id='word_1_69' title='bbox 2164 1905 2439 1993; x_wconf 88' lang='lat' dir='ltr'><strong>quibus</strong></span> <span class='ocrx_word' id='word_1_70' title='bbox 2511 1903 2829 1972; x_wconf 91' lang='lat' dir='ltr'><strong>rationis</strong></span> 
     </span>
     <span class='ocr_line' id='line_1_15' title="bbox 541 2012 2059 2100; baseline 0.005 -28"><span class='ocrx_word' id='word_1_71' title='bbox 541 2012 905 2092; x_wconf 70' lang='lat' dir='ltr'><strong>judisium</strong></span> <span class='ocrx_word' id='word_1_72' title='bbox 945 2013 1426 2096; x_wconf 72' lang='lat' dir='ltr'><strong>perturbatur</strong></span> <span class='ocrx_word' id='word_1_73' title='bbox 1454 2015 1574 2081; x_wconf 86' lang='lat' dir='ltr'><strong>vel</strong></span> <span class='ocrx_word' id='word_1_74' title='bbox 1623 2014 2059 2100; x_wconf 86' lang='lat' dir='ltr'><strong>impeditur.</strong></span> 
     </span>
    </p>
   </div>
   <div class='ocr_carea' id='block_1_8' title="bbox 541 2153 2831 2880">
    <p class='ocr_par' dir='ltr' id='par_1_8' title="bbox 1519 2153 1855 2208">
     <span class='ocr_line' id='line_1_16' title="bbox 1519 2153 1855 2208; baseline 0.003 -2"><span class='ocrx_word' id='word_1_75' title='bbox 1519 2153 1855 2208; x_wconf 89' lang='lat' dir='ltr'>XXXVIII.</span> 
     </span>
    </p>

    <p class='ocr_par' dir='ltr' id='par_1_9' title="bbox 541 2252 2831 2880">
     <span class='ocr_line' id='line_1_17' title="bbox 638 2252 2821 2340; baseline 0.002 -24"><span class='ocrx_word' id='word_1_76' title='bbox 638 2252 1053 2336; x_wconf 61' lang='lat' dir='ltr'><strong>Praeterea,</strong></span> <span class='ocrx_word' id='word_1_77' title='bbox 1118 2253 1345 2321; x_wconf 89' lang='lat' dir='ltr'><strong>etiam</strong></span> <span class='ocrx_word' id='word_1_78' title='bbox 1410 2255 1805 2340; x_wconf 91' lang='lat' dir='ltr'><strong>supposito</strong></span> <span class='ocrx_word' id='word_1_79' title='bbox 1853 2254 2233 2322; x_wconf 81' lang='lat' dir='ltr'><strong>habituali</strong></span> <span class='ocrx_word' id='word_1_80' title='bbox 2288 2254 2606 2322; x_wconf 89' lang='lat' dir='ltr'><strong>rationis</strong></span> <span class='ocrx_word' id='word_1_81' title='bbox 2652 2275 2821 2338; x_wconf 92' lang='lat' dir='ltr'><strong>usu,</strong></span> 
     </span>
     <span class='ocr_line' id='line_1_18' title="bbox 545 2360 2827 2449; baseline 0.003 -25"><span class='ocrx_word' id='word_1_82' title='bbox 545 2360 849 2424; x_wconf 53' lang='lat' dir='ltr'><strong>libertus</strong></span> <span class='ocrx_word' id='word_1_83' title='bbox 917 2360 1087 2444; x_wconf 73' lang='lat' dir='ltr'><strong>plus</strong></span> <span class='ocrx_word' id='word_1_84' title='bbox 1137 2362 1389 2429; x_wconf 91' lang='lat' dir='ltr'><strong>minus</strong></span> <span class='ocrx_word' id='word_1_85' title='bbox 1451 2363 1864 2448; x_wconf 87' lang='lat' dir='ltr'><strong>impeditur</strong></span> <span class='ocrx_word' id='word_1_86' title='bbox 1914 2363 2012 2430; x_wconf 89' lang='lat' dir='ltr'><strong>iis</strong></span> <span class='ocrx_word' id='word_1_87' title='bbox 2063 2363 2409 2432; x_wconf 92' lang='lat' dir='ltr'><strong>omnibus</strong></span> <span class='ocrx_word' id='word_1_88' title='bbox 2460 2383 2652 2449; x_wconf 90' lang='lat' dir='ltr'><strong>quae</strong></span> <span class='ocrx_word' id='word_1_89' title='bbox 2702 2383 2827 2448; x_wconf 86' lang='lat' dir='ltr'><strong>op·</strong></span> 
     </span>
     <span class='ocr_line' id='line_1_19' title="bbox 541 2455 2822 2558; baseline 0.002 -26"><span class='ocrx_word' id='word_1_90' title='bbox 541 2480 925 2552; x_wconf 65' lang='lat' dir='ltr'><strong>Jtznfflmnt-ur</strong></span> <span class='ocrx_word' id='word_1_91' title='bbox 949 2470 1060 2536; x_wconf 64' lang='lat' dir='ltr'><strong>vel</strong></span> <span class='ocrx_word' id='word_1_92' title='bbox 1088 2470 1546 2556; x_wconf 82' lang='lat' dir='ltr'><strong>obJ‘ectorum</strong></span> <span class='ocrx_word' id='word_1_93' title='bbox 1582 2455 2018 2558; x_wconf 86' lang='lat' dir='ltr'><strong>cognitioni,</strong></span> <span class='ocrx_word' id='word_1_94' title='bbox 2060 2477 2148 2538; x_wconf 92' lang='lat' dir='ltr'><strong>ut</strong></span> <span class='ocrx_word' id='word_1_95' title='bbox 2172 2477 2351 2539; x_wconf 90' lang='lat' dir='ltr'><strong>sunt</strong></span> <span class='ocrx_word' id='word_1_96' title='bbox 2372 2469 2822 2557; x_wconf 88' lang='lat' dir='ltr'><strong>ignorantia,</strong></span> 
     </span>
     <span class='ocr_line' id='line_1_20' title="bbox 545 2577 2822 2666; baseline 0.002 -26"><span class='ocrx_word' id='word_1_97' title='bbox 545 2596 741 2640; x_wconf 56' lang='grc' dir='ltr'><strong>[ΞΠ-ιη’</strong></span> <span class='ocrx_word' id='word_1_98' title='bbox 793 2588 861 2640; x_wconf 60' lang='grc' dir='ltr'><strong>ειῒ</strong></span> <span class='ocrx_word' id='word_1_99' title='bbox 925 2577 1498 2663; x_wconf 74' lang='lat' dir='ltr'><strong>inadvertentia,</strong></span> <span class='ocrx_word' id='word_1_100' title='bbox 1540 2580 1657 2646; x_wconf 84' lang='lat' dir='ltr'><strong>vel</strong></span> <span class='ocrx_word' id='word_1_101' title='bbox 1691 2580 2080 2666; x_wconf 89' lang='lat' dir='ltr'><strong>appetitus</strong></span> <span class='ocrx_word' id='word_1_102' title='bbox 2105 2578 2822 2662; x_wconf 85' lang='lat' dir='ltr'><strong>indeterminationi,</strong></span> 
     </span>
     <span class='ocr_line' id='line_1_21' title="bbox 545 2686 2831 2775; baseline 0.002 -27"><span class='ocrx_word' id='word_1_103' title='bbox 545 2692 629 2748; x_wconf 69' lang='lat' dir='ltr'><strong>iit</strong></span> <span class='ocrx_word' id='word_1_104' title='bbox 665 2696 837 2748; x_wconf 66' lang='lat' dir='ltr'><strong>sunt</strong></span> <span class='ocrx_word' id='word_1_105' title='bbox 899 2686 1277 2768; x_wconf 73' lang='lat' dir='ltr'><strong>passiones</strong></span> <span class='ocrx_word' id='word_1_106' title='bbox 1309 2692 1387 2754; x_wconf 91' lang='lat' dir='ltr'><strong>et</strong></span> <span class='ocrx_word' id='word_1_107' title='bbox 1417 2693 1684 2772; x_wconf 90' lang='lat' dir='ltr'><strong>metus,</strong></span> <span class='ocrx_word' id='word_1_108' title='bbox 1748 2689 1867 2755; x_wconf 84' lang='lat' dir='ltr'><strong>vel</strong></span> <span class='ocrx_word' id='word_1_109' title='bbox 1918 2687 2232 2775; x_wconf 89' lang='lat' dir='ltr'><strong>imperio</strong></span> <span class='ocrx_word' id='word_1_110' title='bbox 2283 2687 2700 2755; x_wconf 84' lang='lat' dir='ltr'><strong>voluntatis</strong></span> <span class='ocrx_word' id='word_1_111' title='bbox 2749 2686 2831 2752; x_wconf 88' lang='lat' dir='ltr'><strong>in</strong></span> 
     </span>
     <span class='ocr_line' id='line_1_22' title="bbox 545 2794 1999 2880; baseline 0.006 -26"><span class='ocrx_word' id='word_1_112' title='bbox 545 2804 869 2859; x_wconf 51' lang='lat' dir='ltr'><strong>[peteras</strong></span> <span class='ocrx_word' id='word_1_113' title='bbox 909 2794 1307 2880; x_wconf 65' lang='lat' dir='ltr'><strong>potentias,</strong></span> <span class='ocrx_word' id='word_1_114' title='bbox 1348 2801 1438 2863; x_wconf 93' lang='lat' dir='ltr'><strong>ut</strong></span> <span class='ocrx_word' id='word_1_115' title='bbox 1468 2801 1585 2863; x_wconf 89' lang='lat' dir='ltr'><strong>est</strong></span> <span class='ocrx_word' id='word_1_116' title='bbox 1615 2796 1999 2863; x_wconf 85' lang='lat' dir='ltr'><strong>violentia.</strong></span> 
     </span>
    </p>
   </div>
   <div class='ocr_carea' id='block_1_9' title="bbox 1552 2953 1831 3006">
    <p class='ocr_par' dir='ltr' id='par_1_10' title="bbox 1552 2953 1831 3006">
     <span class='ocr_line' id='line_1_23' title="bbox 1552 2953 1831 3006; baseline 0.004 -1"><span class='ocrx_word' id='word_1_117' title='bbox 1552 2953 1831 3006; x_wconf 89' lang='lat' dir='ltr'>XXXIX.</span> 
     </span>
    </p>
   </div>
   <div class='ocr_carea' id='block_1_10' title="bbox 545 3052 2833 3683">
    <p class='ocr_par' dir='ltr' id='par_1_11' title="bbox 545 3052 2833 3683">
     <span class='ocr_line' id='line_1_24' title="bbox 637 3052 2833 3139; baseline 0.003 -23"><span class='ocrx_word' id='word_1_118' title='bbox 637 3052 1080 3121; x_wconf 59' lang='lat' dir='ltr'><strong>Insa-‚nitatis</strong></span> <span class='ocrx_word' id='word_1_119' title='bbox 1136 3054 1527 3122; x_wconf 90' lang='lat' dir='ltr'><strong>distinctio</strong></span> <span class='ocrx_word' id='word_1_120' title='bbox 1560 3055 1640 3120; x_wconf 92' lang='lat' dir='ltr'><strong>in</strong></span> <span class='ocrx_word' id='word_1_121' title='bbox 1681 3055 2288 3139; x_wconf 87' lang='lat' dir='ltr'><strong>intellectualem,</strong></span> <span class='ocrx_word' id='word_1_122' title='bbox 2352 3056 2705 3123; x_wconf 89' lang='lat' dir='ltr'><strong>moralem</strong></span> <span class='ocrx_word' id='word_1_123' title='bbox 2756 3060 2833 3122; x_wconf 90' lang='lat' dir='ltr'><strong>et</strong></span> 
     </span>
     <span class='ocr_line' id='line_1_25' title="bbox 545 3160 2833 3247; baseline 0.003 -24"><span class='ocrx_word' id='word_1_124' title='bbox 545 3160 1021 3244; x_wconf 52' lang='lat' dir='ltr'><strong>impulsivam</strong></span> <span class='ocrx_word' id='word_1_125' title='bbox 1057 3182 1102 3228; x_wconf 99' lang='lat' dir='ltr'><strong>a</strong></span> <span class='ocrx_word' id='word_1_126' title='bbox 1134 3163 1672 3230; x_wconf 89' lang='lat' dir='ltr'><strong>recentioribus</strong></span> <span class='ocrx_word' id='word_1_127' title='bbox 1720 3162 2033 3247; x_wconf 86' lang='lat' dir='ltr'><strong>invecta,</strong></span> <span class='ocrx_word' id='word_1_128' title='bbox 2092 3183 2243 3230; x_wconf 89' lang='lat' dir='ltr'><strong>non</strong></span> <span class='ocrx_word' id='word_1_129' title='bbox 2293 3164 2594 3231; x_wconf 84' lang='lat' dir='ltr'><strong>videtur</strong></span> <span class='ocrx_word' id='word_1_130' title='bbox 2643 3163 2833 3230; x_wconf 88' lang='lat' dir='ltr'><strong>satis</strong></span> 
     </span>
     <span class='ocr_line' id='line_1_26' title="bbox 545 3268 2832 3358; baseline 0.002 -26"><span class='ocrx_word' id='word_1_131' title='bbox 545 3268 885 3336; x_wconf 56' lang='lat' dir='ltr'><strong>simelam.</strong></span> <span class='ocrx_word' id='word_1_132' title='bbox 933 3290 1060 3336; x_wconf 72' lang='lat' dir='ltr'><strong>nec</strong></span> <span class='ocrx_word' id='word_1_133' title='bbox 1108 3276 1221 3337; x_wconf 88' lang='lat' dir='ltr'><strong>est</strong></span> <span class='ocrx_word' id='word_1_134' title='bbox 1275 3291 1590 3358; x_wconf 88' lang='lat' dir='ltr'><strong>magnae</strong></span> <span class='ocrx_word' id='word_1_135' title='bbox 1645 3271 2010 3339; x_wconf 87' lang='lat' dir='ltr'><strong>utilitatis</strong></span> <span class='ocrx_word' id='word_1_136' title='bbox 2065 3271 2145 3337; x_wconf 92' lang='lat' dir='ltr'><strong>in</strong></span> <span class='ocrx_word' id='word_1_137' title='bbox 2198 3271 2512 3339; x_wconf 87' lang='lat' dir='ltr'><strong>scientia</strong></span> <span class='ocrx_word' id='word_1_138' title='bbox 2564 3271 2832 3339; x_wconf 86' lang='lat' dir='ltr'><strong>morali</strong></span> 
     </span>
     <span class='ocr_line' id='line_1_27' title="bbox 549 3379 2832 3466; baseline 0.002 -26"><span class='ocrx_word' id='word_1_139' title='bbox 549 3384 677 3440; x_wconf 71' lang='lat' dir='ltr'><strong>aut</strong></span> <span class='ocrx_word' id='word_1_140' title='bbox 717 3379 1122 3445; x_wconf 57' lang='lat' dir='ltr'><strong>:frimimalh</strong></span> <span class='ocrx_word' id='word_1_141' title='bbox 1175 3379 1484 3466; x_wconf 82' lang='lat' dir='ltr'><strong>majoris</strong></span> <span class='ocrx_word' id='word_1_142' title='bbox 1518 3379 1873 3447; x_wconf 88' lang='lat' dir='ltr'><strong>momenti</strong></span> <span class='ocrx_word' id='word_1_143' title='bbox 1923 3386 2037 3447; x_wconf 89' lang='lat' dir='ltr'><strong>est</strong></span> <span class='ocrx_word' id='word_1_144' title='bbox 2070 3385 2284 3448; x_wconf 85' lang='lat' dir='ltr'><strong>vetus</strong></span> <span class='ocrx_word' id='word_1_145' title='bbox 2334 3379 2725 3447; x_wconf 88' lang='lat' dir='ltr'><strong>distinctio</strong></span> <span class='ocrx_word' id='word_1_146' title='bbox 2750 3379 2832 3445; x_wconf 92' lang='lat' dir='ltr'><strong>in</strong></span> 
     </span>
     <span class='ocr_line' id='line_1_28' title="bbox 545 3484 2833 3575; baseline 0.003 -27"><span class='ocrx_word' id='word_1_147' title='bbox 545 3484 789 3551; x_wconf 59' lang='lat' dir='ltr'><strong>varim</strong></span> <span class='ocrx_word' id='word_1_148' title='bbox 825 3487 1411 3568; x_wconf 60' lang='lat' dir='ltr'><strong>perturbationis</strong></span> <span class='ocrx_word' id='word_1_149' title='bbox 1459 3488 1809 3555; x_wconf 87' lang='lat' dir='ltr'><strong>mentalis</strong></span> <span class='ocrx_word' id='word_1_150' title='bbox 1859 3489 2140 3575; x_wconf 91' lang='lat' dir='ltr'><strong>gradus</strong></span> <span class='ocrx_word' id='word_1_151' title='bbox 2191 3488 2468 3575; x_wconf 86' lang='lat' dir='ltr'><strong>quibus</strong></span> <span class='ocrx_word' id='word_1_152' title='bbox 2500 3487 2690 3554; x_wconf 84' lang='lat' dir='ltr'><strong>varii</strong></span> <span class='ocrx_word' id='word_1_153' title='bbox 2723 3508 2833 3556; x_wconf 90' lang='lat' dir='ltr'><strong>re-</strong></span> 
     </span>
     <span class='ocr_line' id='line_1_29' title="bbox 545 3595 2708 3683; baseline 0.003 -27"><span class='ocrx_word' id='word_1_154' title='bbox 545 3596 912 3676; x_wconf 47' lang='lat' dir='ltr'><strong>&amp;lomb—²11²?</strong></span> <span class='ocrx_word' id='word_1_155' title='bbox 949 3595 1224 3680; x_wconf 68' lang='lat' dir='ltr'><strong>gradus</strong></span> <span class='ocrx_word' id='word_1_156' title='bbox 1257 3595 1883 3681; x_wconf 82' lang='lat' dir='ltr'><strong>imputabilitatis</strong></span> <span class='ocrx_word' id='word_1_157' title='bbox 1916 3603 1991 3663; x_wconf 88' lang='lat' dir='ltr'><strong>et</strong></span> <span class='ocrx_word' id='word_1_158' title='bbox 2023 3596 2708 3683; x_wconf 86' lang='lat' dir='ltr'><strong>responsibilitatis.</strong></span> 
     </span>
    </p>
   </div>
   <div class='ocr_carea' id='block_1_11' title="bbox 545 3753 2836 4375">
    <p class='ocr_par' dir='ltr' id='par_1_12' title="bbox 1630 3753 1749 3806">
     <span class='ocr_line' id='line_1_30' title="bbox 1630 3753 1749 3806; baseline 0 0"><span class='ocrx_word' id='word_1_159' title='bbox 1630 3753 1749 3806; x_wconf 89' lang='lat' dir='ltr'>XL.</span> 
     </span>
    </p>

    <p class='ocr_par' dir='ltr' id='par_1_13' title="bbox 545 3854 2836 4375">
     <span class='ocr_line' id='line_1_31' title="bbox 641 3854 2835 3942; baseline 0.004 -26"><span class='ocrx_word' id='word_1_160' title='bbox 641 3856 777 3932; x_wconf 69' lang='lat' dir='ltr'><strong>Qui</strong></span> <span class='ocrx_word' id='word_1_161' title='bbox 821 3854 1269 3936; x_wconf 50' lang='lat' dir='ltr'><strong>&#39;hypffloticae</strong></span> <span class='ocrx_word' id='word_1_162' title='bbox 1302 3855 1521 3941; x_wconf 85' lang='lat' dir='ltr'><strong>praxi</strong></span> <span class='ocrx_word' id='word_1_163' title='bbox 1557 3875 1634 3922; x_wconf 85' lang='lat' dir='ltr'><strong>se</strong></span> <span class='ocrx_word' id='word_1_164' title='bbox 1669 3855 2071 3940; x_wconf 87' lang='lat' dir='ltr'><strong>submittit,</strong></span> <span class='ocrx_word' id='word_1_165' title='bbox 2106 3855 2417 3923; x_wconf 88' lang='lat' dir='ltr'><strong>liberam</strong></span> <span class='ocrx_word' id='word_1_166' title='bbox 2446 3855 2835 3942; x_wconf 90' lang='lat' dir='ltr'><strong>suiipsius</strong></span> 
     </span>
     <span class='ocr_line' id='line_1_32' title="bbox 549 3963 2835 4050; baseline 0.002 -23"><span class='ocrx_word' id='word_1_167' title='bbox 549 3964 1115 4044; x_wconf 58' lang='lat' dir='ltr'><strong>dissnffiitimiem</strong></span> <span class='ocrx_word' id='word_1_168' title='bbox 1174 3964 1347 4048; x_wconf 88' lang='lat' dir='ltr'><strong>plus</strong></span> <span class='ocrx_word' id='word_1_169' title='bbox 1397 3963 1647 4030; x_wconf 89' lang='lat' dir='ltr'><strong>minus</strong></span> <span class='ocrx_word' id='word_1_170' title='bbox 1681 3964 1777 4030; x_wconf 85' lang='lat' dir='ltr'><strong>ad</strong></span> <span class='ocrx_word' id='word_1_171' title='bbox 1811 3972 2107 4050; x_wconf 88' lang='lat' dir='ltr'><strong>tempus</strong></span> <span class='ocrx_word' id='word_1_172' title='bbox 2163 3965 2428 4031; x_wconf 90' lang='lat' dir='ltr'><strong>saltem</strong></span> <span class='ocrx_word' id='word_1_173' title='bbox 2480 3963 2835 4032; x_wconf 87' lang='lat' dir='ltr'><strong>abdicat:</strong></span> 
     </span>
     <span class='ocr_line' id='line_1_33' title="bbox 549 4071 2836 4157; baseline 0.002 -21"><span class='ocrx_word' id='word_1_174' title='bbox 549 4072 685 4136; x_wconf 70' lang='lat' dir='ltr'><strong>has</strong></span> <span class='ocrx_word' id='word_1_175' title='bbox 725 4080 966 4136; x_wconf 56' lang='lat' dir='ltr'><strong>autem</strong></span> <span class='ocrx_word' id='word_1_176' title='bbox 1009 4071 1505 4156; x_wconf 72' lang='lat' dir='ltr'><strong>abdicatione,</strong></span> <span class='ocrx_word' id='word_1_177' title='bbox 1549 4092 1743 4157; x_wconf 90' lang='lat' dir='ltr'><strong>quae</strong></span> <span class='ocrx_word' id='word_1_178' title='bbox 1790 4072 2005 4139; x_wconf 89' lang='lat' dir='ltr'><strong>licita</strong></span> <span class='ocrx_word' id='word_1_179' title='bbox 2052 4078 2348 4139; x_wconf 88' lang='lat' dir='ltr'><strong>non-est</strong></span> <span class='ocrx_word' id='word_1_180' title='bbox 2380 4071 2530 4139; x_wconf 91' lang='lat' dir='ltr'><strong>nisi</strong></span> <span class='ocrx_word' id='word_1_181' title='bbox 2562 4072 2657 4140; x_wconf 96' lang='lat' dir='ltr'><strong>ob</strong></span> <span class='ocrx_word' id='word_1_182' title='bbox 2720 4093 2836 4140; x_wconf 88' lang='lat' dir='ltr'><strong>ra-</strong></span> 
     </span>
     <span class='ocr_line' id='line_1_34' title="bbox 545 4179 2836 4266; baseline 0.001 -22"><span class='ocrx_word' id='word_1_183' title='bbox 545 4180 789 4244; x_wconf 60' lang='lat' dir='ltr'><strong>tiones</strong></span> <span class='ocrx_word' id='word_1_184' title='bbox 845 4200 1125 4264; x_wconf 61' lang='lat' dir='ltr'><strong>graves,</strong></span> <span class='ocrx_word' id='word_1_185' title='bbox 1183 4179 1490 4248; x_wconf 91' lang='lat' dir='ltr'><strong>minime</strong></span> <span class='ocrx_word' id='word_1_186' title='bbox 1551 4179 1854 4247; x_wconf 87' lang='lat' dir='ltr'><strong>tollitur</strong></span> <span class='ocrx_word' id='word_1_187' title='bbox 1915 4180 2517 4266; x_wconf 88' lang='lat' dir='ltr'><strong>responsibilitas</strong></span> <span class='ocrx_word' id='word_1_188' title='bbox 2580 4200 2836 4249; x_wconf 90' lang='lat' dir='ltr'><strong>eorum</strong></span> 
     </span>
     <span class='ocr_line' id='line_1_35' title="bbox 549 4288 2003 4375; baseline 0.002 -23"><span class='ocrx_word' id='word_1_189' title='bbox 549 4308 737 4372; x_wconf 69' lang='lat' dir='ltr'><strong>quas</strong></span> <span class='ocrx_word' id='word_1_190' title='bbox 777 4288 849 4352; x_wconf 84' lang='lat' dir='ltr'><strong>in</strong></span> <span class='ocrx_word' id='word_1_191' title='bbox 889 4296 1092 4356; x_wconf 69' lang='lat' dir='ltr'><strong>stat-u</strong></span> <span class='ocrx_word' id='word_1_192' title='bbox 1126 4288 1539 4375; x_wconf 85' lang='lat' dir='ltr'><strong>hypnotico</strong></span> <span class='ocrx_word' id='word_1_193' title='bbox 1579 4294 2003 4373; x_wconf 88' lang='lat' dir='ltr'><strong>patrantur.</strong></span> 
     </span>
    </p>
   </div>
   <div class='ocr_carea' id='block_1_12' title="bbox 645 4445 2840 4633">
    <p class='ocr_par' dir='ltr' id='par_1_14' title="bbox 645 4445 2840 4633">
     <span class='ocr_line' id='line_1_36' title="bbox 1617 4445 1768 4499; baseline 0.007 -1"><span class='ocrx_word' id='word_1_194' title='bbox 1617 4445 1768 4499; x_wconf 87' lang='lat' dir='ltr'>XLI.</span> 
     </span>
     <span class='ocr_line' id='line_1_37' title="bbox 645 4544 2840 4633; baseline 0.002 -21"><span class='ocrx_word' id='word_1_195' title='bbox 645 4544 1082 4612; x_wconf 67' lang='lat' dir='ltr'><strong>Doctrinam</strong></span> <span class='ocrx_word' id='word_1_196' title='bbox 1137 4546 1390 4614; x_wconf 88' lang='lat' dir='ltr'><strong>Sancti</strong></span> <span class='ocrx_word' id='word_1_197' title='bbox 1454 4547 1780 4614; x_wconf 87' lang='lat' dir='ltr'><strong>Thomae</strong></span> <span class='ocrx_word' id='word_1_198' title='bbox 1826 4547 1919 4614; x_wconf 94' lang='lat' dir='ltr'><strong>de</strong></span> <span class='ocrx_word' id='word_1_199' title='bbox 1971 4546 2576 4633; x_wconf 88' lang='lat' dir='ltr'><strong>concupiscentia</strong></span> <span class='ocrx_word' id='word_1_200' title='bbox 2634 4554 2840 4617; x_wconf 86' lang='lat' dir='ltr'><strong>ante-</strong></span> 
     </span>
    </p>
   </div>
  </div>
 </body>
</html>
