<?xml version="1.0" encoding="UTF-8"?>
<!DOCTYPE html PUBLIC "-//W3C//DTD XHTML 1.0 Transitional//EN"
    "http://www.w3.org/TR/xhtml1/DTD/xhtml1-transitional.dtd">
<html xmlns="http://www.w3.org/1999/xhtml" xml:lang="en" lang="en">
 <head>
  <title>
</title>
<meta http-equiv="Content-Type" content="text/html;charset=utf-8" />
  <meta name='ocr-system' content='tesseract 3.04.00' />
  <meta name='ocr-capabilities' content='ocr_page ocr_carea ocr_par ocr_line ocrx_word'/>
</head>
<body>
  <div class='ocr_page' id='page_1' title='image "./thesesadlicenti00amergoog_0553.png"; bbox 0 0 3125 5317; ppageno 0'>
   <div class='ocr_carea' id='block_1_1' title="bbox 672 514 695 578">
    <p class='ocr_par' dir='ltr' id='par_1_1' title="bbox 672 514 695 578">
     <span class='ocr_line' id='line_1_1' title="bbox 672 514 695 578; baseline 0 0"><span class='ocrx_word' id='word_1_1' title='bbox 672 514 695 578; x_wconf 81' lang='grc'><strong>7</strong></span> 
     </span>
    </p>
   </div>
   <div class='ocr_carea' id='block_1_2' title="bbox 649 686 716 739">
    <p class='ocr_par' dir='ltr' id='par_1_2' title="bbox 649 686 716 739">
     <span class='ocr_line' id='line_1_2' title="bbox 649 686 716 739; baseline -0.015 0"><span class='ocrx_word' id='word_1_2' title='bbox 649 686 716 739; x_wconf 88' lang='lat' dir='ltr'>XII.</span> 
     </span>
    </p>
   </div>
   <div class='ocr_carea' id='block_1_3' title="bbox 89 783 1286 1094">
    <p class='ocr_par' dir='ltr' id='par_1_3' title="bbox 89 783 1286 1094">
     <span class='ocr_line' id='line_1_3' title="bbox 131 783 1280 877; baseline -0.008 -19"><span class='ocrx_word' id='word_1_3' title='bbox 131 793 234 859; x_wconf 87' lang='lat' dir='ltr'>Inter</span> <span class='ocrx_word' id='word_1_4' title='bbox 249 791 401 877; x_wconf 84' lang='lat' dir='ltr'>proprie</span> <span class='ocrx_word' id='word_1_5' title='bbox 418 791 521 857; x_wconf 90' lang='lat' dir='ltr'>dicta</span> <span class='ocrx_word' id='word_1_6' title='bbox 547 789 669 874; x_wconf 81' lang='lat' dir='ltr'>Regni</span> <span class='ocrx_word' id='word_1_7' title='bbox 689 787 760 854; x_wconf 86' lang='lat' dir='ltr'>Dei</span> <span class='ocrx_word' id='word_1_8' title='bbox 785 786 965 871; x_wconf 79' lang='lat' dir='ltr'>mysterIa</span> <span class='ocrx_word' id='word_1_9' title='bbox 983 785 1054 872; x_wconf 63' lang='lat' dir='ltr'>(cf.</span> <span class='ocrx_word' id='word_1_10' title='bbox 1077 786 1190 851; x_wconf 91' lang='lat' dir='ltr'>Marc.</span> <span class='ocrx_word' id='word_1_11' title='bbox 1213 783 1280 867; x_wconf 91' lang='lat' dir='ltr'>IV,</span> 
     </span>
     <span class='ocr_line' id='line_1_4' title="bbox 89 894 1285 983; baseline -0.006 -17"><span class='ocrx_word' id='word_1_12' title='bbox 89 907 139 980; x_wconf 87' lang='lat'>11,</span> <span class='ocrx_word' id='word_1_13' title='bbox 160 901 249 966; x_wconf 90' lang='lat' dir='ltr'>Luc.</span> <span class='ocrx_word' id='word_1_14' title='bbox 271 899 380 982; x_wconf 88' lang='lat' dir='ltr'>VIII,</span> <span class='ocrx_word' id='word_1_15' title='bbox 403 904 445 964; x_wconf 90' lang='lat'>10</span> <span class='ocrx_word' id='word_1_16' title='bbox 471 901 559 983; x_wconf 82' lang='lat' dir='ltr'>etc.)</span> <span class='ocrx_word' id='word_1_17' title='bbox 585 898 640 963; x_wconf 91' lang='lat' dir='ltr'>ita</span> <span class='ocrx_word' id='word_1_18' title='bbox 665 896 804 963; x_wconf 90' lang='lat' dir='ltr'>eminet</span> <span class='ocrx_word' id='word_1_19' title='bbox 830 896 933 962; x_wconf 84' lang='lat' dir='ltr'>Ssma</span> <span class='ocrx_word' id='word_1_20' title='bbox 957 894 1208 978; x_wconf 83' lang='lat' dir='ltr'>Eucharistia,</span> <span class='ocrx_word' id='word_1_21' title='bbox 1242 899 1285 959; x_wconf 87' lang='lat' dir='ltr'>ut</span> 
     </span>
     <span class='ocr_line' id='line_1_5' title="bbox 89 1003 1286 1094; baseline -0.006 -19"><span class='ocrx_word' id='word_1_22' title='bbox 89 1011 187 1075; x_wconf 83' lang='lat' dir='ltr'>velut</span> <span class='ocrx_word' id='word_1_23' title='bbox 216 1008 472 1094; x_wconf 86' lang='lat' dir='ltr'>“Mysterium</span> <span class='ocrx_word' id='word_1_24' title='bbox 500 1006 656 1072; x_wconf 85' lang='lat' dir='ltr'>Fidei”·</span> <span class='ocrx_word' id='word_1_25' title='bbox 670 1027 735 1090; x_wconf 91' lang='lat' dir='ltr'>per</span> <span class='ocrx_word' id='word_1_26' title='bbox 759 1003 1032 1084; x_wconf 87' lang='lat' dir='ltr'>excellentiam,</span> <span class='ocrx_word' id='word_1_27' title='bbox 1055 1005 1101 1070; x_wconf 88' lang='lat' dir='ltr'>ab</span> <span class='ocrx_word' id='word_1_28' title='bbox 1119 1003 1286 1070; x_wconf 81' lang='lat' dir='ltr'>Ecclesia</span> 
     </span>
    </p>
   </div>
   <div class='ocr_carea' id='block_1_4' title="bbox 87 1117 433 1204">
    <p class='ocr_par' dir='ltr' id='par_1_4' title="bbox 87 1117 433 1204">
     <span class='ocr_line' id='line_1_6' title="bbox 87 1117 433 1204; baseline -0.006 -22"><span class='ocrx_word' id='word_1_29' title='bbox 87 1120 165 1204; x_wconf 84' lang='lat' dir='ltr'>jure</span> <span class='ocrx_word' id='word_1_30' title='bbox 183 1117 433 1204; x_wconf 81' lang='lat' dir='ltr'>praedicetur.</span> 
     </span>
    </p>
   </div>
   <div class='ocr_carea' id='block_1_5' title="bbox 644 1255 725 1308">
    <p class='ocr_par' dir='ltr' id='par_1_5' title="bbox 644 1255 725 1308">
     <span class='ocr_line' id='line_1_7' title="bbox 644 1255 725 1308; baseline 0.012 -1"><span class='ocrx_word' id='word_1_31' title='bbox 644 1255 725 1308; x_wconf 82' lang='lat' dir='ltr'>xm.</span> 
     </span>
    </p>
   </div>
   <div class='ocr_carea' id='block_1_6' title="bbox 88 1355 1355 1643">
    <p class='ocr_par' dir='ltr' id='par_1_6' title="bbox 88 1355 1355 1643">
     <span class='ocr_line' id='line_1_8' title="bbox 130 1355 1355 1442; baseline -0.002 -15"><span class='ocrx_word' id='word_1_32' title='bbox 130 1359 267 1427; x_wconf 83' lang='lat' dir='ltr'>Verbis</span> <span class='ocrx_word' id='word_1_33' title='bbox 293 1359 402 1426; x_wconf 85' lang='lat' dir='ltr'>Joan.</span> <span class='ocrx_word' id='word_1_34' title='bbox 433 1358 499 1441; x_wconf 94' lang='lat' dir='ltr'>VI,</span> <span class='ocrx_word' id='word_1_35' title='bbox 528 1363 572 1423; x_wconf 84' lang='grc'>48</span> <span class='ocrx_word' id='word_1_36' title='bbox 598 1364 636 1423; x_wconf 92' lang='lat' dir='ltr'>et</span> <span class='ocrx_word' id='word_1_37' title='bbox 664 1377 779 1442; x_wconf 61' lang='lat' dir='ltr'>seqq,</span> <span class='ocrx_word' id='word_1_38' title='bbox 810 1355 984 1423; x_wconf 81' lang='lat' dir='ltr'>Christus</span> <span class='ocrx_word' id='word_1_39' title='bbox 1002 1357 1141 1424; x_wconf 88' lang='lat' dir='ltr'>Verum</span> <span class='ocrx_word' id='word_1_40' title='bbox 1170 1359 1283 1425; x_wconf 84' lang='lat' dir='ltr'>Suum</span> <span class='ocrx_word' id='word_1_41' title='bbox 1349 1360 1355 1371; x_wconf 91' lang='lat'>&#39;</span> 
     </span>
     <span class='ocr_line' id='line_1_9' title="bbox 88 1464 1281 1553; baseline -0.002 -17"><span class='ocrx_word' id='word_1_42' title='bbox 88 1468 239 1553; x_wconf 78' lang='lat' dir='ltr'>Corpus,</span> <span class='ocrx_word' id='word_1_43' title='bbox 262 1468 477 1552; x_wconf 87' lang='lat' dir='ltr'>Verumque</span> <span class='ocrx_word' id='word_1_44' title='bbox 494 1466 719 1551; x_wconf 86' lang='lat' dir='ltr'>Sanguinem</span> <span class='ocrx_word' id='word_1_45' title='bbox 737 1464 912 1549; x_wconf 91' lang='lat' dir='ltr'>promisit</span> <span class='ocrx_word' id='word_1_46' title='bbox 928 1485 965 1531; x_wconf 91' lang='lat' dir='ltr'>se</span> <span class='ocrx_word' id='word_1_47' title='bbox 990 1465 1166 1532; x_wconf 89' lang='lat' dir='ltr'>daturum</span> <span class='ocrx_word' id='word_1_48' title='bbox 1185 1488 1281 1534; x_wconf 88' lang='lat' dir='ltr'>man·</span> 
     </span>
     <span class='ocr_line' id='line_1_10' title="bbox 89 1575 587 1643; baseline -0.004 -1"><span class='ocrx_word' id='word_1_49' title='bbox 89 1577 300 1643; x_wconf 81' lang='lat' dir='ltr'>durandum</span> <span class='ocrx_word' id='word_1_50' title='bbox 318 1583 356 1643; x_wconf 90' lang='lat' dir='ltr'>et</span> <span class='ocrx_word' id='word_1_51' title='bbox 371 1575 587 1642; x_wconf 88' lang='lat' dir='ltr'>bibendum.</span> 
     </span>
    </p>
   </div>
   <div class='ocr_carea' id='block_1_7' title="bbox 646 1715 724 1768">
    <p class='ocr_par' dir='ltr' id='par_1_7' title="bbox 646 1715 724 1768">
     <span class='ocr_line' id='line_1_11' title="bbox 646 1715 724 1768; baseline 0 -1"><span class='ocrx_word' id='word_1_52' title='bbox 646 1715 724 1768; x_wconf 85' lang='lat' dir='ltr'>XIV.</span> 
     </span>
    </p>
   </div>
   <div class='ocr_carea' id='block_1_8' title="bbox 89 1817 1286 2320">
    <p class='ocr_par' dir='ltr' id='par_1_8' title="bbox 89 1817 1286 2212">
     <span class='ocr_line' id='line_1_12' title="bbox 130 1817 1282 1905; baseline -0.003 -18"><span class='ocrx_word' id='word_1_53' title='bbox 130 1820 258 1887; x_wconf 89' lang='lat' dir='ltr'>Verba</span> <span class='ocrx_word' id='word_1_54' title='bbox 268 1818 527 1886; x_wconf 87' lang='lat' dir='ltr'>Institutionis</span> <span class='ocrx_word' id='word_1_55' title='bbox 538 1817 799 1884; x_wconf 76' lang='lat' dir='ltr'>Eucharistiae</span> <span class='ocrx_word' id='word_1_56' title='bbox 811 1837 832 1883; x_wconf 89' lang='lat' dir='ltr'>a</span> <span class='ocrx_word' id='word_1_57' title='bbox 845 1817 878 1882; x_wconf 83' lang='lat' dir='ltr'>S.</span> <span class='ocrx_word' id='word_1_58' title='bbox 894 1817 1147 1903; x_wconf 84' lang='lat' dir='ltr'>Evangelistis</span> <span class='ocrx_word' id='word_1_59' title='bbox 1158 1821 1282 1905; x_wconf 82' lang='lat' dir='ltr'>(Matt.</span> 
     </span>
     <span class='ocr_line' id='line_1_13' title="bbox 92 1925 1285 2010; baseline 0.002 -18"><span class='ocrx_word' id='word_1_60' title='bbox 92 1927 233 2010; x_wconf 88' lang='lat' dir='ltr'>XXVI,</span> <span class='ocrx_word' id='word_1_61' title='bbox 249 1932 313 2009; x_wconf 76' lang='lat'>283</span> <span class='ocrx_word' id='word_1_62' title='bbox 339 1928 454 1994; x_wconf 89' lang='lat' dir='ltr'>Marc.</span> <span class='ocrx_word' id='word_1_63' title='bbox 472 1927 576 2009; x_wconf 88' lang='lat' dir='ltr'>XIV,</span> <span class='ocrx_word' id='word_1_64' title='bbox 591 1930 655 2006; x_wconf 78' lang='lat'>223</span> <span class='ocrx_word' id='word_1_65' title='bbox 683 1925 770 1990; x_wconf 86' lang='lat' dir='ltr'>Luc.</span> <span class='ocrx_word' id='word_1_66' title='bbox 792 1925 915 2008; x_wconf 91' lang='lat' dir='ltr'>XXII,</span> <span class='ocrx_word' id='word_1_67' title='bbox 933 1929 1285 2010; x_wconf 76' lang='lat' dir='ltr'>19-20)commemo-</span> 
     </span>
     <span class='ocr_line' id='line_1_14' title="bbox 89 2033 1286 2122; baseline 0.003 -22"><span class='ocrx_word' id='word_1_68' title='bbox 89 2045 179 2117; x_wconf 85' lang='lat' dir='ltr'>rata,</span> <span class='ocrx_word' id='word_1_69' title='bbox 201 2043 279 2102; x_wconf 88' lang='lat' dir='ltr'>eta</span> <span class='ocrx_word' id='word_1_70' title='bbox 296 2036 384 2102; x_wconf 89' lang='lat' dir='ltr'>divo</span> <span class='ocrx_word' id='word_1_71' title='bbox 402 2035 523 2102; x_wconf 90' lang='lat' dir='ltr'>Paulo</span> <span class='ocrx_word' id='word_1_72' title='bbox 540 2034 701 2119; x_wconf 90' lang='lat' dir='ltr'>repetita</span> <span class='ocrx_word' id='word_1_73' title='bbox 719 2038 752 2119; x_wconf 86' lang='lat'>(1</span> <span class='ocrx_word' id='word_1_74' title='bbox 773 2033 854 2101; x_wconf 78' lang='lat' dir='ltr'>Cor,</span> <span class='ocrx_word' id='word_1_75' title='bbox 874 2033 940 2116; x_wconf 91' lang='lat' dir='ltr'>XI,</span> <span class='ocrx_word' id='word_1_76' title='bbox 961 2038 1031 2120; x_wconf 74' lang='lat'>24),</span> <span class='ocrx_word' id='word_1_77' title='bbox 1050 2035 1188 2103; x_wconf 87' lang='lat' dir='ltr'>invicte</span> <span class='ocrx_word' id='word_1_78' title='bbox 1206 2058 1286 2122; x_wconf 88' lang='lat' dir='ltr'>pro-</span> 
     </span>
     <span class='ocr_line' id='line_1_15' title="bbox 89 2140 1100 2212; baseline 0 -3"><span class='ocrx_word' id='word_1_79' title='bbox 89 2144 178 2211; x_wconf 84' lang='lat' dir='ltr'>bant</span> <span class='ocrx_word' id='word_1_80' title='bbox 195 2145 331 2211; x_wconf 82' lang='lat' dir='ltr'>realem</span> <span class='ocrx_word' id='word_1_81' title='bbox 350 2144 492 2212; x_wconf 82' lang='lat' dir='ltr'>Christi</span> <span class='ocrx_word' id='word_1_82' title='bbox 510 2144 549 2209; x_wconf 94' lang='lat' dir='ltr'>in</span> <span class='ocrx_word' id='word_1_83' title='bbox 566 2140 806 2209; x_wconf 84' lang='lat' dir='ltr'>Eucharistia</span> <span class='ocrx_word' id='word_1_84' title='bbox 832 2141 1100 2209; x_wconf 86' lang='lat' dir='ltr'>Praesentiam.</span> 
     </span>
    </p>

    <p class='ocr_par' dir='ltr' id='par_1_9' title="bbox 654 2267 745 2320">
     <span class='ocr_line' id='line_1_16' title="bbox 654 2267 745 2320; baseline 0.022 -2"><span class='ocrx_word' id='word_1_85' title='bbox 654 2267 716 2320; x_wconf 92' lang='lat' dir='ltr'>XV.</span> <span class='ocrx_word' id='word_1_86' title='bbox 741 2292 745 2299; x_wconf 90' lang='lat'>·</span> 
     </span>
    </p>
   </div>
   <div class='ocr_carea' id='block_1_9' title="bbox 89 2368 1289 2671">
    <p class='ocr_par' dir='ltr' id='par_1_10' title="bbox 89 2368 1289 2671">
     <span class='ocr_line' id='line_1_17' title="bbox 132 2368 1284 2454; baseline 0.002 -19"><span class='ocrx_word' id='word_1_87' title='bbox 132 2371 177 2435; x_wconf 93' lang='lat' dir='ltr'>In</span> <span class='ocrx_word' id='word_1_88' title='bbox 195 2369 438 2437; x_wconf 82' lang='lat' dir='ltr'>Eucharistia</span> <span class='ocrx_word' id='word_1_89' title='bbox 463 2369 676 2435; x_wconf 87' lang='lat' dir='ltr'>substantia</span> <span class='ocrx_word' id='word_1_90' title='bbox 694 2369 803 2453; x_wconf 90' lang='lat' dir='ltr'>panis</span> <span class='ocrx_word' id='word_1_91' title='bbox 824 2368 958 2434; x_wconf 89' lang='lat' dir='ltr'>etvini</span> <span class='ocrx_word' id='word_1_92' title='bbox 983 2389 1055 2434; x_wconf 89' lang='lat' dir='ltr'>non</span> <span class='ocrx_word' id='word_1_93' title='bbox 1082 2377 1284 2454; x_wconf 90' lang='lat' dir='ltr'>permanet,</span> 
     </span>
     <span class='ocr_line' id='line_1_18' title="bbox 90 2462 1289 2565; baseline 0.001 -22"><span class='ocrx_word' id='word_1_94' title='bbox 90 2479 220 2544; x_wconf 87' lang='lat' dir='ltr'>sedin</span> <span class='ocrx_word' id='word_1_95' title='bbox 249 2462 458 2563; x_wconf 59' lang='lat' dir='ltr'>Corpus&#39;et</span> <span class='ocrx_word' id='word_1_96' title='bbox 487 2477 712 2564; x_wconf 86' lang='lat' dir='ltr'>Sanguinem</span> <span class='ocrx_word' id='word_1_97' title='bbox 742 2476 886 2544; x_wconf 81' lang='lat' dir='ltr'>Christi</span> <span class='ocrx_word' id='word_1_98' title='bbox 909 2477 1158 2560; x_wconf 74' lang='lat' dir='ltr'>convertitur,</span> <span class='ocrx_word' id='word_1_99' title='bbox 1194 2501 1289 2565; x_wconf 82' lang='lat' dir='ltr'>quac</span> 
     </span>
     <span class='ocr_line' id='line_1_19' title="bbox 89 2585 1075 2671; baseline 0 -19"><span class='ocrx_word' id='word_1_100' title='bbox 89 2586 277 2653; x_wconf 88' lang='lat' dir='ltr'>conversio</span> <span class='ocrx_word' id='word_1_101' title='bbox 295 2587 489 2671; x_wconf 86' lang='lat' dir='ltr'>aptissime</span> <span class='ocrx_word' id='word_1_102' title='bbox 506 2592 661 2652; x_wconf 88' lang='lat' dir='ltr'>vocatur</span> <span class='ocrx_word' id='word_1_103' title='bbox 677 2585 1075 2653; x_wconf 85' lang='lat' dir='ltr'>Transsobstantiatio.</span> 
     </span>
    </p>
   </div>
   <div class='ocr_carea' id='block_1_10' title="bbox 649 2726 727 2780">
    <p class='ocr_par' dir='ltr' id='par_1_11' title="bbox 649 2726 727 2780">
     <span class='ocr_line' id='line_1_20' title="bbox 649 2726 727 2780; baseline 0 -2"><span class='ocrx_word' id='word_1_104' title='bbox 649 2726 727 2780; x_wconf 90' lang='lat' dir='ltr'>XVI.</span> 
     </span>
    </p>
   </div>
   <div class='ocr_carea' id='block_1_11' title="bbox 90 2828 1293 3456">
    <p class='ocr_par' dir='ltr' id='par_1_12' title="bbox 90 2828 1293 3456">
     <span class='ocr_line' id='line_1_21' title="bbox 133 2828 1288 2916; baseline -0.001 -19"><span class='ocrx_word' id='word_1_105' title='bbox 133 2829 403 2897; x_wconf 82' lang='lat' dir='ltr'>Commentitia</span> <span class='ocrx_word' id='word_1_106' title='bbox 434 2829 546 2914; x_wconf 90' lang='lat' dir='ltr'>plane</span> <span class='ocrx_word' id='word_1_107' title='bbox 585 2836 641 2894; x_wconf 89' lang='lat' dir='ltr'>est</span> <span class='ocrx_word' id='word_1_108' title='bbox 677 2828 833 2894; x_wconf 87' lang='lat' dir='ltr'>assertio</span> <span class='ocrx_word' id='word_1_109' title='bbox 875 2828 1047 2895; x_wconf 86' lang='lat' dir='ltr'>Doctoris</span> <span class='ocrx_word' id='word_1_110' title='bbox 1088 2831 1288 2916; x_wconf 89' lang='lat' dir='ltr'>Anglicani</span> 
     </span>
     <span class='ocr_line' id='line_1_22' title="bbox 91 2936 1291 3024; baseline 0.003 -22"><span class='ocrx_word' id='word_1_111' title='bbox 91 2936 226 3023; x_wconf 89' lang='lat' dir='ltr'>Pusey,</span> <span class='ocrx_word' id='word_1_112' title='bbox 241 2959 360 3022; x_wconf 88' lang='lat' dir='ltr'>usque</span> <span class='ocrx_word' id='word_1_113' title='bbox 371 2938 418 3003; x_wconf 92' lang='lat' dir='ltr'>ad</span> <span class='ocrx_word' id='word_1_114' title='bbox 431 2937 814 3004; x_wconf 85' lang='lat' dir='ltr'>saeculumdecimnm</span> <span class='ocrx_word' id='word_1_115' title='bbox 829 2937 1002 3021; x_wconf 89' lang='lat' dir='ltr'>quintum</span> <span class='ocrx_word' id='word_1_116' title='bbox 1012 2938 1144 3021; x_wconf 88' lang='lat' dir='ltr'>iniens,</span> <span class='ocrx_word' id='word_1_117' title='bbox 1156 2939 1291 3024; x_wconf 88' lang='lat' dir='ltr'>dogma</span> 
     </span>
     <span class='ocr_line' id='line_1_23' title="bbox 90 3045 1290 3130; baseline 0.003 -20"><span class='ocrx_word' id='word_1_118' title='bbox 90 3045 686 3112; x_wconf 85' lang='lat' dir='ltr'>Transsubstantiationisliberae</span> <span class='ocrx_word' id='word_1_119' title='bbox 699 3045 1110 3130; x_wconf 61' lang='lat' dir='ltr'>fuissedisputationim</span> <span class='ocrx_word' id='word_1_120' title='bbox 1124 3047 1199 3112; x_wconf 92' lang='lat' dir='ltr'>imo</span> <span class='ocrx_word' id='word_1_121' title='bbox 1208 3049 1290 3114; x_wconf 90' lang='lat' dir='ltr'>doc-</span> 
     </span>
     <span class='ocr_line' id='line_1_24' title="bbox 90 3153 1290 3238; baseline 0.002 -19"><span class='ocrx_word' id='word_1_122' title='bbox 90 3155 227 3220; x_wconf 82' lang='lat' dir='ltr'>trinam</span> <span class='ocrx_word' id='word_1_123' title='bbox 253 3155 300 3220; x_wconf 90' lang='lat' dir='ltr'>de</span> <span class='ocrx_word' id='word_1_124' title='bbox 324 3162 537 3221; x_wconf 88' lang='lat' dir='ltr'>remanente</span> <span class='ocrx_word' id='word_1_125' title='bbox 561 3153 774 3220; x_wconf 87' lang='lat' dir='ltr'>substantia</span> <span class='ocrx_word' id='word_1_126' title='bbox 800 3153 909 3238; x_wconf 90' lang='lat' dir='ltr'>panis</span> <span class='ocrx_word' id='word_1_127' title='bbox 934 3163 971 3220; x_wconf 90' lang='lat' dir='ltr'>et</span> <span class='ocrx_word' id='word_1_128' title='bbox 996 3154 1073 3219; x_wconf 87' lang='lat' dir='ltr'>vini</span> <span class='ocrx_word' id='word_1_129' title='bbox 1100 3156 1137 3220; x_wconf 90' lang='lat' dir='ltr'>in</span> <span class='ocrx_word' id='word_1_130' title='bbox 1166 3157 1290 3222; x_wconf 85' lang='lat' dir='ltr'>Sacra-</span> 
     </span>
     <span class='ocr_line' id='line_1_25' title="bbox 91 3262 1293 3346; baseline 0.002 -19"><span class='ocrx_word' id='word_1_131' title='bbox 91 3269 226 3344; x_wconf 80' lang='lat' dir='ltr'>menta,</span> <span class='ocrx_word' id='word_1_132' title='bbox 248 3263 342 3329; x_wconf 86' lang='lat' dir='ltr'>adeo</span> <span class='ocrx_word' id='word_1_133' title='bbox 359 3263 474 3329; x_wconf 87' lang='lat' dir='ltr'>visam</span> <span class='ocrx_word' id='word_1_134' title='bbox 494 3263 612 3328; x_wconf 87' lang='lat' dir='ltr'>fuisse</span> <span class='ocrx_word' id='word_1_135' title='bbox 629 3262 790 3328; x_wconf 89' lang='lat' dir='ltr'>alienam</span> <span class='ocrx_word' id='word_1_136' title='bbox 809 3283 830 3328; x_wconf 89' lang='lat' dir='ltr'>a</span> <span class='ocrx_word' id='word_1_137' title='bbox 848 3262 1013 3346; x_wconf 88' lang='lat' dir='ltr'>periculo</span> <span class='ocrx_word' id='word_1_138' title='bbox 1028 3263 1232 3346; x_wconf 86' lang='lat' dir='ltr'>haereseos,</span> <span class='ocrx_word' id='word_1_139' title='bbox 1250 3271 1293 3331; x_wconf 88' lang='lat' dir='ltr'>ut</span> 
     </span>
     <span class='ocr_line' id='line_1_26' title="bbox 92 3370 1288 3456; baseline 0.002 -19"><span class='ocrx_word' id='word_1_140' title='bbox 92 3371 220 3454; x_wconf 85' lang='lat' dir='ltr'>potius</span> <span class='ocrx_word' id='word_1_141' title='bbox 231 3370 434 3438; x_wconf 86' lang='lat' dir='ltr'>haberetur</span> <span class='ocrx_word' id='word_1_142' title='bbox 444 3371 672 3438; x_wconf 89' lang='lat' dir='ltr'>commodior</span> <span class='ocrx_word' id='word_1_143' title='bbox 684 3371 733 3437; x_wconf 89' lang='lat' dir='ltr'>ad</span> <span class='ocrx_word' id='word_1_144' title='bbox 746 3371 1021 3456; x_wconf 86' lang='lat' dir='ltr'>praecavendas</span> <span class='ocrx_word' id='word_1_145' title='bbox 1035 3372 1288 3439; x_wconf 83' lang='lat' dir='ltr'>difficultates</span> 
     </span>
    </p>
   </div>
   <div class='ocr_carea' id='block_1_12' title="bbox 647 3513 870 3564">
    <p class='ocr_par' dir='ltr' id='par_1_13' title="bbox 647 3513 870 3564">
     <span class='ocr_line' id='line_1_27' title="bbox 647 3513 870 3564; baseline 0 0"><span class='ocrx_word' id='word_1_146' title='bbox 647 3513 740 3564; x_wconf 89' lang='lat' dir='ltr'>XVII.</span> <span class='ocrx_word' id='word_1_147' title='bbox 867 3516 870 3524; x_wconf 91' lang='lat'>&#39;</span> 
     </span>
    </p>
   </div>
   <div class='ocr_carea' id='block_1_13' title="bbox 73 3615 1295 4024">
    <p class='ocr_par' dir='ltr' id='par_1_14' title="bbox 73 3615 1295 4024">
     <span class='ocr_line' id='line_1_28' title="bbox 136 3615 1289 3700; baseline 0.003 -21"><span class='ocrx_word' id='word_1_148' title='bbox 136 3615 251 3680; x_wconf 81' lang='lat' dir='ltr'>Falsa</span> <span class='ocrx_word' id='word_1_149' title='bbox 267 3615 409 3699; x_wconf 89' lang='lat' dir='ltr'>pariter</span> <span class='ocrx_word' id='word_1_150' title='bbox 425 3620 482 3681; x_wconf 88' lang='lat' dir='ltr'>est</span> <span class='ocrx_word' id='word_1_151' title='bbox 500 3616 656 3680; x_wconf 90' lang='lat' dir='ltr'>assertio</span> <span class='ocrx_word' id='word_1_152' title='bbox 673 3615 840 3700; x_wconf 88' lang='lat' dir='ltr'>ejusdem</span> <span class='ocrx_word' id='word_1_153' title='bbox 860 3615 1034 3681; x_wconf 87' lang='lat' dir='ltr'>Doctoris</span> <span class='ocrx_word' id='word_1_154' title='bbox 1052 3617 1289 3699; x_wconf 69' lang='lat' dir='ltr'>oxoniensis</span> 
     </span>
     <span class='ocr_line' id='line_1_29' title="bbox 73 3723 1289 3808; baseline 0.003 -21"><span class='ocrx_word' id='word_1_155' title='bbox 73 3743 136 3787; x_wconf 88' lang='lat' dir='ltr'>-ex</span> <span class='ocrx_word' id='word_1_156' title='bbox 163 3723 337 3789; x_wconf 89' lang='lat' dir='ltr'>doctrina</span> <span class='ocrx_word' id='word_1_157' title='bbox 364 3723 678 3790; x_wconf 76' lang='lat' dir='ltr'>scholasticorum</span> <span class='ocrx_word' id='word_1_158' title='bbox 712 3724 930 3808; x_wconf 86' lang='lat' dir='ltr'>praesertim</span> <span class='ocrx_word' id='word_1_159' title='bbox 967 3725 1017 3789; x_wconf 86' lang='lat' dir='ltr'>St.</span> <span class='ocrx_word' id='word_1_160' title='bbox 1049 3725 1221 3808; x_wconf 75' lang='lat' dir='ltr'>Thomas,</span> <span class='ocrx_word' id='word_1_161' title='bbox 1256 3727 1289 3791; x_wconf 82' lang='lat' dir='ltr'>S.</span> 
     </span>
     <span class='ocr_line' id='line_1_30' title="bbox 94 3807 1295 3920; baseline 0.005 -26"><span class='ocrx_word' id='word_1_162' title='bbox 94 3807 380 3898; x_wconf 68' lang='lat' dir='ltr'>Bonavsnturae</span> <span class='ocrx_word' id='word_1_163' title='bbox 404 3838 442 3898; x_wconf 89' lang='lat' dir='ltr'>et</span> <span class='ocrx_word' id='word_1_164' title='bbox 470 3832 570 3898; x_wconf 87' lang='lat' dir='ltr'>Scoti</span> <span class='ocrx_word' id='word_1_165' title='bbox 588 3832 1060 3898; x_wconf 85' lang='lat' dir='ltr'>Transsubstantiationem</span> <span class='ocrx_word' id='word_1_166' title='bbox 1086 3834 1134 3900; x_wconf 85' lang='lat' dir='ltr'>ad</span> <span class='ocrx_word' id='word_1_167' title='bbox 1160 3835 1295 3920; x_wconf 80' lang='lat' dir='ltr'>dogma</span> 
     </span>
     <span class='ocr_line' id='line_1_31' title="bbox 93 3939 635 4024; baseline 0.004 -21"><span class='ocrx_word' id='word_1_168' title='bbox 93 3958 165 4004; x_wconf 93' lang='lat' dir='ltr'>non</span> <span class='ocrx_word' id='word_1_169' title='bbox 182 3939 370 4024; x_wconf 75' lang='lat' dir='ltr'>pertinere</span> <span class='ocrx_word' id='word_1_170' title='bbox 387 3940 635 4008; x_wconf 83' lang='lat' dir='ltr'>Catholicum.</span> 
     </span>
    </p>
   </div>
   <div class='ocr_carea' id='block_1_14' title="bbox 640 4081 749 4134">
    <p class='ocr_par' dir='ltr' id='par_1_15' title="bbox 640 4081 749 4134">
     <span class='ocr_line' id='line_1_32' title="bbox 640 4081 749 4134; baseline 0.018 -2"><span class='ocrx_word' id='word_1_171' title='bbox 640 4081 749 4134; x_wconf 87' lang='lat' dir='ltr'>XVIII.</span> 
     </span>
    </p>
   </div>
   <div class='ocr_carea' id='block_1_15' title="bbox 92 4144 1297 4484">
    <p class='ocr_par' dir='ltr' id='par_1_16' title="bbox 92 4144 1297 4484">
     <span class='ocr_line' id='line_1_33' title="bbox 136 4144 1294 4270; baseline 0.006 -25"><span class='ocrx_word' id='word_1_172' title='bbox 136 4180 215 4246; x_wconf 85' lang='lat' dir='ltr'>The</span> <span class='ocrx_word' id='word_1_173' title='bbox 232 4181 379 4248; x_wconf 88' lang='lat' dir='ltr'>Middle</span> <span class='ocrx_word' id='word_1_174' title='bbox 396 4144 496 4267; x_wconf 86' lang='lat' dir='ltr'>Ages</span> <span class='ocrx_word' id='word_1_175' title='bbox 521 4203 583 4248; x_wconf 90' lang='lat' dir='ltr'>are</span> <span class='ocrx_word' id='word_1_176' title='bbox 599 4181 736 4268; x_wconf 85' lang='lat' dir='ltr'>falsely</span> <span class='ocrx_word' id='word_1_177' title='bbox 755 4184 876 4249; x_wconf 88' lang='lat' dir='ltr'>called</span> <span class='ocrx_word' id='word_1_178' title='bbox 895 4186 993 4268; x_wconf 84' lang='lat' dir='ltr'>Ages</span> <span class='ocrx_word' id='word_1_179' title='bbox 1011 4184 1050 4250; x_wconf 87' lang='lat' dir='ltr'>oi</span> <span class='ocrx_word' id='word_1_180' title='bbox 1076 4185 1294 4270; x_wconf 73' lang='lat' dir='ltr'>Ignorance3</span> 
     </span>
     <span class='ocr_line' id='line_1_34' title="bbox 92 4288 1297 4377; baseline 0.004 -22"><span class='ocrx_word' id='word_1_181' title='bbox 92 4288 182 4375; x_wconf 89' lang='lat' dir='ltr'>they</span> <span class='ocrx_word' id='word_1_182' title='bbox 201 4311 264 4356; x_wconf 88' lang='lat' dir='ltr'>are</span> <span class='ocrx_word' id='word_1_183' title='bbox 289 4289 416 4356; x_wconf 90' lang='lat' dir='ltr'>rather</span> <span class='ocrx_word' id='word_1_184' title='bbox 433 4311 480 4356; x_wconf 89' lang='lat' dir='ltr'>an</span> <span class='ocrx_word' id='word_1_185' title='bbox 507 4291 769 4377; x_wconf 84' lang='lat' dir='ltr'>evolutionary</span> <span class='ocrx_word' id='word_1_186' title='bbox 796 4292 982 4376; x_wconf 76' lang='lat' dir='ltr'>periodos</span> <span class='ocrx_word' id='word_1_187' title='bbox 1007 4293 1153 4362; x_wconf 84' lang='lat' dir='ltr'>culture</span> <span class='ocrx_word' id='word_1_188' title='bbox 1178 4296 1297 4362; x_wconf 89' lang='lat' dir='ltr'>under</span> 
     </span>
     <span class='ocr_line' id='line_1_35' title="bbox 93 4397 969 4484; baseline 0.005 -21"><span class='ocrx_word' id='word_1_189' title='bbox 93 4397 156 4464; x_wconf 89' lang='lat' dir='ltr'>the</span> <span class='ocrx_word' id='word_1_190' title='bbox 172 4398 336 4484; x_wconf 74' lang='lat' dir='ltr'>guidIng</span> <span class='ocrx_word' id='word_1_191' title='bbox 353 4398 454 4465; x_wconf 89' lang='lat' dir='ltr'>hand</span> <span class='ocrx_word' id='word_1_192' title='bbox 471 4400 511 4466; x_wconf 85' lang='lat' dir='ltr'>of</span> <span class='ocrx_word' id='word_1_193' title='bbox 535 4398 600 4465; x_wconf 92' lang='lat' dir='ltr'>the</span> <span class='ocrx_word' id='word_1_194' title='bbox 617 4399 791 4466; x_wconf 84' lang='lat' dir='ltr'>Catholic</span> <span class='ocrx_word' id='word_1_195' title='bbox 809 4401 969 4468; x_wconf 85' lang='lat' dir='ltr'>Church.</span> 
     </span>
    </p>
   </div>
   <div class='ocr_carea' id='block_1_16' title="bbox 0 0 1574 5317">
    <p class='ocr_par' dir='ltr' id='par_1_17' title="bbox 0 0 1574 5317">
     <span class='ocr_line' id='line_1_36' title="bbox 0 0 1574 5317; baseline 0 0"><span class='ocrx_word' id='word_1_196' title='bbox 0 0 1574 5317; x_wconf 95' lang='lat' dir='ltr'> </span> 
     </span>
    </p>
   </div>
  </div>
 </body>
</html>
