3125 5317
684 552 704 617 9

121 734 227 803 etiam
242 754 309 819 pro
325 732 513 801 societate
528 757 538 818 3
565 734 641 802 dici
662 739 787 802 tamen
815 732 949 819 nequit
972 752 1053 801 eam
1069 752 1148 799 esse
1166 732 1270 800 abso·

122 863 195 928 lute
208 867 247 927 et
260 858 459 927 intrinsice
478 859 666 947 injustam
683 883 691 943 ;
716 859 798 927 fieri
814 859 929 926 etiam
947 864 1073 945 potest
1090 863 1209 925 utneo
1226 857 1265 923 in

124 987 200 1069 fine,
214 1006 280 1053 uec
295 984 336 1051 in
352 974 669 1069 circumstantiis,
684 984 834 1071 aliquid
852 984 999 1069 habeat,
1014 984 1115 1072 quod
1132 984 1269 1071 prinoi-

124 1112 193 1199 piis
206 1111 410 1179 moralibus
426 1120 657 1198 opponatur.

648 1274 730 1321 XIX.

165 1413 254 1482 Cum
270 1414 431 1482 cessatio
455 1414 599 1482 laboris
615 1414 785 1501 legitima
809 1434 889 1481 esse
908 1414 1040 1500 possit,
1061 1414 1267 1499 generatim

123 1559 191 1605 non
205 1544 333 1624 potest
348 1538 397 1607 ab
414 1539 643 1607 auctoritate
659 1538 763 1606 civili
781 1539 953 1607 absolute
973 1539 1177 1625 prohiberi:
1204 1560 1268 1625 po-

122 1669 191 1730 test
216 1669 344 1731 tamen
372 1669 412 1731 et
443 1664 557 1732 debet
587 1666 692 1732 vario
720 1665 831 1732 modo
857 1665 1040 1733 indirecte
1072 1665 1263 1751 impediri,

121 1790 353 1873 nominatim,
374 1790 617 1858 institutione
645 1791 895 1859 tribunalium
922 1791 1200 1859 conciliationis
1231 1797 1269 1860 et

119 1914 278 1999 arbitrii,
299 1937 461 2003 quorum
478 1916 677 1984 sententiis
693 1938 767 1985 nou
787 1924 935 1985 tanturn
955 1918 1013 1984 vis
1040 1918 1208 2002 moralis,
1229 1925 1270 1985 at

118 2040 229 2108 etiam
245 2041 383 2128 legalis
395 2042 528 2128 aliqua
544 2042 689 2110 sanctio
705 2042 819 2110 adsit.

658 2240 723 2284 XX.

156 2358 422 2445 “Quanquam
440 2360 640 2427 societates
658 2361 830 2446 privatae
846 2362 1019 2429 existunt
1035 2363 1075 2429 in
1093 2363 1257 2446 civitate,

111 2484 268 2569 ejusque
285 2492 379 2551 sunt
395 2486 499 2552 velut
526 2494 653 2571 partes
678 2486 849 2569 totidem,
871 2493 997 2554 tamen
1027 2488 1198 2555 universe
1223 2510 1265 2556 ac

110 2629 172 2693 per
187 2630 230 2677 se
246 2629 325 2676 non
342 2610 456 2677 estin
473 2616 660 2696 potestate
676 2612 907 2698 reipublicae
933 2634 977 2680 ne
995 2614 1166 2681 existant
1184 2634 1265 2700 pro-

111 2734 261 2802 hibere:
291 2736 467 2821 privatas
495 2737 594 2804 enim
623 2738 820 2806 societates
847 2738 943 2807 inire
972 2760 1185 2807 concessum
1210 2746 1268 2808 est

111 2859 256 2927 homini
274 2862 363 2947 jure
385 2862 584 2929 natruae.”
602 2865 617 2914 1

648 3025 731 3072 XXI.

155 3160 466 3249 “Nihilominus
491 3163 667 3231 incidunt·
694 3166 902 3251 aliquando
931 3171 1100 3251 tempora
1123 3188 1205 3233 cum
1231 3167 1264 3234 ei

107 3285 237 3371 generi
254 3286 571 3355 communitatum
586 3295 726 3357 rectum
745 3290 798 3358 sit
814 3292 893 3377 lege
910 3292 1101 3378 obsistere,
1123 3292 1265 3360 scilicet

108 3411 139 3476 si
151 3411 373 3498 quidquam
389 3434 437 3479 ex
454 3413 632 3481 instituto
649 3422 933 3501 persequantur,
955 3418 1055 3503 quod
1081 3439 1163 3485 cum
1182 3439 1264 3503 pro-

109 3536 243 3621 bitate,
282 3558 366 3604 cum
399 3538 563 3626 justitia,
598 3561 680 3607 cum
714 3541 945 3627 reipublicae
984 3545 1106 3611 salute
1138 3550 1266 3629 aperte

110 3662 375 3730 dissideat.”2

640 3776 739 3824 xx11.

153 3913 293 3981 Forma
310 3913 577 3981 substantialis
604 3921 642 3983 et
667 3917 784 3985 veluti
815 3918 942 3985 anima
966 3924 1181 3987 contractus
1207 3931 1266 3989 est

111 4058 315 4106 cousensus
331 4039 636 4107 contrahentium
652 4041 824 4109 internus
852 4048 890 4111 et
913 4044 1091 4129 sincerus,
1112 4050 1266 4114 externe

110 4165 393 4243 manifestatus,
413 4162 673 4247 simultaueus‚
695 4168 807 4253 plane
832 4167 1073 4248 deliberatus.

138 4358 230 4413 'Ena
245 4358 363 4412 Rerum
374 4356 527 4411 Novarum

136 4442 199 4495 ‘lln
