3125 5317
660 519 683 585 7

75 691 294 778 intellectae,
324 694 560 762 verissimum
587 693 705 762 statui
732 698 858 779 potest
884 693 953 760 hoc
979 693 1177 762 dilemma:
1205 700 1272 762 ant

75 810 127 871 est
142 802 308 870 visilibis
324 802 493 870 Ecclesia
509 802 653 871 Christi
670 808 738 870 aut
754 809 811 908 est
831 803 947 870 nulla.

637 964 708 1012 x11.

115 1072 331 1139 Sententiae
374 1071 619 1138 Suaresianae
659 1091 851 1138 censemus
875 1071 1155 1138 assentiendum
1196 1093 1270 1158 qua

75 1179 276 1248 haereticos
292 1181 459 1247 occultos
475 1200 555 1247 esse
571 1180 737 1247 membra
753 1179 943 1246 Ecclesiae
960 1187 1128 1266 negatur.

624 1341 713 1388 XIII.

114 1448 329 1516 Tenendum
348 1469 395 1516 ex
411 1447 485 1515 fide
502 1453 560 1515 est
575 1453 685 1514 extra
701 1446 960 1533 Apostolicam
979 1447 1186 1516 Romanam
1205 1449 1269 1515 Ec-

74 1557 218 1624 clesiam
246 1557 391 1623 salvum
424 1557 504 1623 fieri
534 1556 718 1624 neminem
745 1555 882 1641 posse.¹
933 1557 1041 1624 Unde
1057 1557 1271 1644 quicunque

74 1673 154 1734 ante
183 1665 370 1732 actualem
396 1665 571 1733 unionem
598 1685 682 1731 cnm
705 1664 872 1731 Ecclesia
889 1664 1032 1733 Christi
1049 1665 1191 1731 visibili
1210 1666 1269 1733 de-

73 1774 242 1842 cedentes
274 1775 479 1856 salvantur‚
512 1773 672 1840 salutem
699 1792 773 1839 non
802 1779 1083 1859 consequuntur
1107 1774 1179 1841 nisi
1206 1795 1272 1860 per

74 1883 272 1949 Ecclesiam
290 1887 329 1948 et
345 1881 384 1947 in
401 1881 579 1961 Ecclesia,
597 1881 741 1948 intuitu
759 1881 930 1948 videlicit
946 1881 1140 1950 relationis
1158 1902 1270 1968 quam

73 1992 115 2057 ad
132 1990 340 2057 Ecclesiam
356 2011 513 2075 eamque
530 1989 715 2056 visibilem
744 1990 894 2072 babent,
916 2011 1076 2076 quacum
1100 2013 1147 2056 ex
1164 1997 1270 2076 parte

74 2107 106 2165 et
121 2099 327 2166 secundum
345 2098 439 2184 qnid
457 2118 541 2165 vere
557 2098 757 2165 cohaerent
772 2105 811 2164 et
827 2099 1022 2166 voluntate
1040 2101 1269 2186 conjungun-

75 2209 164 2274 tnr.¹

633 2351 715 2398 XIV.

114 2448 309 2526 Romanae
334 2457 415 2525 sedi
443 2457 635 2524 Primatus
659 2457 715 2524 ita
739 2458 944 2525 estunitus
963 2465 1066 2526 utne
1084 2464 1270 2544 potestate

74 2567 221 2652 quidem
240 2565 383 2633 Summi
400 2565 597 2633 Pontificis
615 2567 661 2632 ab
678 2587 722 2632 ea
745 2566 867 2651 possit
884 2567 961 2634 ullo
979 2568 1088 2634 modo
1106 2568 1265 2654 sejungi.

76 2676 190 2742 “Sors
203 2675 351 2742 scilicet
366 2675 472 2740 urbis
484 2675 626 2741 Romae
642 2695 746 2742 sacro
764 2682 878 2761 atque
895 2675 1151 2742 indissolubili
1170 2698 1268 2743 nexu

74 2784 187 2870 ligata
204 2790 262 2850 est
278 2804 362 2850 cum
380 2783 466 2849 sede
484 2783 655 2849 Petri.”²

635 2960 702 3008 XV.

115 3068 346 3136 Sacramenti
360 3067 594 3134 Matrimonii
607 3068 797 3134 vinculum
815 3089 894 3135 esse
910 3070 992 3154 jure
1010 3069 1139 3135 divino
1152 3070 1267 3136 indis-

74 3178 228 3244 solubile
245 3176 493 3243 invictissime
509 3197 557 3242 ex
575 3177 685 3243 Sacra
704 3176 899 3262 Scriptura
917 3178 1106 3262 probatur.

500 3337 508 3356 ·
631 3321 715 3368 XVI.

114 3429 191 3497 The
202 3429 406 3513 testimony
417 3429 457 3495 of
473 3427 611 3514 Origen
624 3427 816 3494 furnishes
827 3417 1038 3496 conclusive
1049 3429 1157 3515 proof
1169 3430 1265 3512 that,

75 3546 110 3603 at
133 3539 199 3606 the
227 3538 327 3604 close
351 3537 391 3603 ol
415 3537 480 3604 the
509 3536 645 3603 second
672 3543 842 3622 century,
871 3557 940 3603 our
965 3537 1050 3604 four
1076 3539 1270 3605 canonical

75 3645 226 3732 Gospels
243 3666 337 3713 were
365 3645 596 3731 nniversally
614 3644 781 3712 received
802 3646 877 3712 and
907 3647 1115 3712 attributed
1142 3653 1181 3713 to
1206 3648 1270 3714 the

74 3755 224 3822 authors
241 3761 281 3821 to
298 3754 416 3822 whom
435 3775 488 3821 we
506 3753 690 3821 attribute
708 3753 820 3820 them.

619 3897 719 3945 XVII.

114 4005 191 4072 'l'he
206 4005 331 4073 works
355 4005 395 4072 of
418 4004 626 4072 Tertullian
652 4005 805 4072 contain
825 4006 1022 4073 abundant
1039 4008 1215 4075 evidence
1231 4009 1271 4075 of

77 4114 134 4182 the
149 4114 266 4183 belief
289 4113 329 4181 of
352 4114 416 4181 the
433 4112 627 4182 Christian
645 4109 808 4198 Church}
829 4115 968 4201 during
981 4117 1056 4182 and
1074 4117 1270 4184 besorehis

76 4222 156 4309 day,
177 4223 217 4289 in
235 4223 300 4291 the
316 4223 574 4308 authenticity
591 4223 630 4289 of
655 4222 720 4289 the
737 4223 906 4308 Gospels.

144 4367 308 4417 laliacum:
327 4337 473 4429 rim—malari
483 4366 611 4429 quadam.
646 4336 755 4421 Dec—9.
767 4337 900 4417 IEIIX—

134 4449 201 4501 meo
215 4447 295 4500 XIII
301 4491 306 4509 ,
318 4463 348 4514 cp
359 4450 397 4499 od
411 4449 493 4501 θανά.
508 4448 664 4513 Bambalio,
681 4451 711 4500 15
722 4448 805 4510 «lua,
821 4450 894 4502 1887.

1017 4337 1270 4348 ..ὴ-...ψ
