3125 5317
881 607 923 666 ia

845 774 962 827 XLVII.

342 874 419 941 The
435 875 569 961 theory
583 876 623 942 oi
638 877 836 962 perpetual
853 875 1218 963 objectiveprogress
1235 874 1428 940 advanoed
1446 874 1496 958 by

299 983 550 1050 Rationalists
576 986 651 1051 and
681 985 874 1068 Eclectics,
896 985 1097 1070 according
1123 991 1162 1050 to
1179 983 1302 1049 which
1329 983 1437 1049 truth
1466 981 1499 1048 is

298 1091 385 1158 held
411 1098 450 1159 to
476 1094 522 1160 be
547 1093 703 1160 relative
733 1093 808 1159 and
833 1094 1012 1170 mutable,
1034 1093 1207 1177 destroys
1225 1093 1277 1158 all
1295 1091 1493 1174 certitudo,

297 1200 402 1266 leads
418 1207 457 1267 to
474 1201 697 1286 scepticism,
715 1201 790 1267 and
807 1201 974 1267 involves
991 1222 1013 1266 a
1029 1200 1303 1268 contradiction
1317 1200 1356 1265 in
1370 1208 1495 1266 terms.

831 1342 965 1396 XLVIII.

347 1444 565 1523 “Quoniam
577 1445 625 1511 ad
643 1444 853 1529 perdendas
870 1443 1036 1540 familias
1049 1443 1351 1530 frangendasque
1367 1463 1497 1529 regno-

296 1571 378 1626 rum
398 1573 487 1637 opes
512 1554 610 1619 nihil
636 1561 714 1619 tam
732 1554 832 1619 valet
849 1573 961 1638 quam
979 1553 1192 1637 corruptela
1207 1572 1362 1633 morum,
1383 1551 1498 1619 facile

296 1661 523 1746 perspicitur
539 1661 783 1746 prosperitati
807 1660 1037 1727 familiarum
1056 1681 1098 1727 ac
1116 1661 1314 1727 civitatum
1331 1661 1497 1728 maxime

296 1768 450 1836 inimica
467 1790 545 1837 esse
563 1769 786 1836 divortia.'’¹

842 1893 947 1945 XLIX.

347 1996 420 2061 “Si
450 1995 572 2062 divini
605 1996 730 2062 cultus
759 1995 864 2061 varia
892 2015 1027 2081 genera
1052 1995 1180 2062 eodem
1212 1997 1295 2082 jure
1319 2016 1398 2062 esse
1424 2016 1499 2082 quo

297 2132 419 2179 veram
444 2111 673 2197 religionem,
695 2111 862 2178 Ecclesia
890 2111 1038 2196 judicat
1064 2132 1137 2178 non
1163 2111 1286 2194 licere,
1307 2133 1381 2178 non
1412 2113 1498 2180 ideo

296 2229 422 2288 tamen
450 2241 512 2287 eos
540 2221 696 2286 damnat
721 2241 844 2286 rerum
871 2220 1107 2304 publicarum
1130 2221 1394 2304 moderatore-a,
1416 2223 1494 2308 qui,

296 2329 422 2415 magni
434 2329 597 2415 alicujus
610 2335 677 2395 aut
690 2328 926 2412 adipiscendi
943 2327 1032 2394 boni
1046 2335 1113 2394 aut
1126 2327 1351 2414 prohibendi
1364 2351 1500 2396 caussa

295 2437 398 2520 mali,
418 2437 585 2503 moribus
610 2442 723 2522 atque
749 2457 821 2502 usu
849 2436 1037 2520 patienter
1061 2437 1189 2503 ierunt
1211 2445 1316 2506 ntea
1332 2437 1500 2506 habeant

295 2545 447 2629 singula
464 2545 503 2609 in
520 2544 674 2611 civitate
687 2544 869 2610 locum.”²

755 2653 759 2660 ’
882 2686 912 2737 n.

342 2789 527 2874 Episcopo
554 2790 615 2874 jus
641 2795 698 2854 est
723 2787 950 2872 prohibendi
966 2808 1011 2854 ne
1029 2789 1168 2874 absque
1197 2789 1326 2856 debita
1342 2790 1499 2858 licentia

295 2898 421 2964 clerici
439 2897 618 2965 diocesim
636 2897 876 2982 dereliquant
900 2896 985 2978 imo,
1008 2905 1164 2982 urgente
1181 2898 1370 2965 Ecclesiae
1387 2901 1493 2966 utili-

294 3013 384 3089 tate,
407 3006 493 3072 illos
509 3005 585 3071 nisi
602 3005 821 3072 infirmitate
849 3004 970 3072 aliove
986 3006 1089 3090 justo
1107 3006 1375 3091 impedimento
1402 3009 1496 3076 deti-

294 3120 466 3197 neantur,
487 3114 643 3199 cogendi
661 3119 705 3178 ut
721 3133 858 3178 munus
875 3113 1168 3180 ecclesiasticum
1186 3115 1407 3200 suscipiant.

490 3324 594 3390 Vidit
620 3325 736 3390 Sacra
761 3321 958 3410 FaculloS,

431 3432 613 3500 (insonus
639 3431 681 3497 P.
711 3430 927 3514 Ganuuan,
956 3452 991 3516 p.
1021 3439 1047 3498 t.
1077 3433 1259 3502 Decanus.

432 3541 594 3607 Tnouss
619 3539 655 3607 J.
686 3541 866 3622 Susrrarr,
896 3559 931 3622 p.
960 3547 986 3606 t.
1016 3561 1038 3606 a
1064 3541 1232 3608 Secretis.

580 3648 684 3716 Vidit
710 3649 841 3714 nector
876 3647 1152 3734 Uaioersc‘totr's,

891 3755 1122 3823 JOANNES
1147 3757 1182 3824 J.
1212 3759 1399 3846 KEANE,

1058 3865 1273 3951 Episcopus
1297 3871 1447 3937 Jaseen.

364 4376 531 4428 ¹LcoXIIl.
568 4375 823 4440 anohmyaaqua.

363 4461 430 4512 ma
443 4459 530 4512 XIII.
569 4459 635 4510 Eae.
651 4458 808 4510 Immortolo
821 4459 882 4511 Dei.
