3125 5317
1921 554 2009 618 10

1830 741 2113 791 XXXIX.

927 848 1169 917 “Esto
1202 854 1292 918 ut
1322 848 1585 935 opifex
1617 854 1844 937 atque
1876 848 2102 918 herus
2132 849 2365 917 libere
2396 848 2475 915 in
2509 847 2710 916 idem
2743 845 3108 934 placitum

827 956 1334 1042 eonsentiantg
1385 958 1644 1026 subest
1676 962 1929 1026 tamen
1980 978 2267 1044 semper
2318 956 2612 1044 aliquid
2662 977 2759 1024 ex
2806 953 3113 1042 justitia

827 1064 1157 1132 naturali
1218 1065 1449 1153 idque
1490 1066 1728 1134 libera
1789 1065 2366 1152 pasciscentium
2423 1065 2813 1133 voluntate
2866 1063 3115 1150 majus

823 1180 899 1240 et
935 1173 1343 1260 antiquina
1385 1174 1675 1243 seilicet
1706 1175 1976 1243 alendo
2001 1174 2222 1261 opific
2251 1173 2454 1261 frugi
2487 1173 2789 1260 quidem
2823 1177 2898 1240 et
2929 1172 3117 1240 bene

823 1288 1132 1367 morato,
1174 1282 1381 1350 haud
1413 1283 1777 1369 imparem
1811 1304 1970 1352 esse
1999 1281 2407 1351 mercedem
2440 1281 2858 1368 oportere.'’
2882 1283 2906 1322 1

1908 1477 2034 1526 XL.

919 1584 1091 1648 Nou
1123 1583 1364 1678 solum
1397 1605 1492 1650 ex
1523 1584 1829 1672 justitia
1861 1584 2194 1652 naturali
2225 1604 2503 1652 meroes
2535 1605 2672 1671 par
2702 1605 2859 1652 esse
2891 1584 3115 1653 debet

827 1692 1095 1760 alendo
1146 1670 1399 1777 opifioi
1445 1692 1649 1780 frugi
1684 1692 1987 1780 quidem
2037 1699 2113 1760 et
2149 1692 2333 1760 bene
2364 1697 2675 1776 morat0‚
2750 1694 3106 1760 “verum2

827 1800 1051 1864 etiam
1087 1820 1181 1867 ex
1213 1801 1598 1887 aequitate
1630 1821 1753 1868 soe
1785 1801 2047 1869 sociali
2081 1800 2268 1868 satis
2300 1801 2553 1886 ampla
2583 1821 2742 1869 esse
2774 1801 2995 1869 debet
3026 1807 3117 1869 ut

827 1928 911 1972 ea
947 1932 1023 1976 se
1055 1928 1510 1995 uxoremque
1543 1914 1621 1977 et
1652 1909 1927 1978 liberos
1959 1909 2156 1978 tueri
2191 1909 2657 1977 commodum
2702 1910 3016 1996 queat.”

1834 2122 1839 2127 ·
1891 2104 2051 2153 XLI.

919 2212 1129 2278 Liuet
1159 2211 1475 2279 cessatio
1522 2211 1802 2280 laboris
1850 2233 1947 2280 ex
1978 2212 2363 2298 proposito
2419 2232 2567 2281 non
2622 2213 2725 2280 sit
2774 2213 3117 2282 absolute

827 2320 1047 2400 mala,
1091 2323 1339 2387 tamen
1372 2339 1460 2387 ea
1491 2340 1738 2388 seeum
1788 2319 2009 2388 affert
2038 2321 2507 2389 incommoda
2551 2328 2625 2389 et
2656 2322 2994 2408 pericula
3025 2327 3117 2390 ut

827 2432 1189 2512 quantum
1261 2425 1421 2494 fieri
1484 2432 1732 2514 potest
1781 2429 2292 2514 praecavenda
2355 2428 2477 2496 sit.
2614 2436 2661 2468 ‘⁶
2683 2431 2847 2510 Qua
2890 2431 2970 2497 in
3033 2451 3115 2498 re

827 2536 1019 2600 ium]
1067 2534 1306 2621 magis
1356 2535 1616 2603 efficax
1664 2557 1750 2604 ae
1798 2537 2117 2623 salubre,
2158 2543 2621 2606 antevertere
2662 2538 3115 2607 auctoritate

827 2644 1087 2728 legam,
1117 2645 1547 2730 malumque
1572 2665 1665 2713 ne
1697 2666 2080 2732 erumpere
2112 2646 2354 2732 possit
2384 2646 2798 2732 prohibere,
2839 2648 3114 2716 amotis

827 2763 1031 2816 matu
1067 2762 1232 2820 ture
1265 2753 1574 2838 caussiS,
1608 2754 1808 2821 unde
1841 2754 2312 2823 dominorum
2345 2762 2572 2842 atque
2604 2756 3114 2842 operariorum

827 2860 1216 2928 *conflictus
1249 2860 1598 2929 videatur
1634 2862 2067 2931 extiturus)
2082 2864 2098 2897 '

1876 3072 2069 3121 XLII.

920 3180 1142 3244 Πρω·
1200 3176 1367 3261 ΧΙ.,
1427 3183 1490 3244 1.
1548 3179 2036 3264 Apostolus‘
2052 3179 2605 3249 ‘definitionem
2668 3182 2843 3249 fidei
2890 3185 3116 3270 ponit

831 3288 1190 3368 msstnnplete
1223 3286 1354 3354 sed
1387 3286 1717 3355 obscure.
1731 3288 1778 3322 ’'
1800 3289 1828 3331 ⁸

1851 3485 2080 3534 XLIII.

919 3588 1141 3656 Fides
1189 3593 1266 3655 et
1328 3589 1646 3657 scientia
1694 3596 1872 3658 sunt
1934 3591 2085 3659 duo
2133 3592 2337 3661 modi
2402 3594 2900 3681 cognisoendi‚
2958 3595 3110 3664 dis-

827 3696 1047 3762 tineri
1083 3716 1229 3764 :non
1262 3698 1592 3783 separati
1642 3697 1771 3766 sed
1823 3700 2204 3786 conjuncti
2262 3707 2338 3769 et
2384 3702 2860 3771 subordinati
2893 3724 3105 3772 num·

827 3828 1048 3892 quam
1083 3809 1332 3872 tamen
1357 3805 1711 3892 oppositi.

1859 3950 2077 4000 XLIV.

915 4056 1154 4122 Aetne
1186 4055 1360 4122 fidei
1392 4056 1859 4144 theologicae
1907 4059 2096 4126 liber
2143 4065 2257 4127 est
2288 4080 2438 4127 non
2463 4089 2466 4092 ⁴
2487 4062 2727 4129 solum
2759 4063 3121 4133 libertate

823 4162 1164 4229 exerta-‘itii
1198 4164 1328 4231 sed
1362 4165 1592 4232 etiam
1625 4166 1941 4236 liberate
1974 4167 2571 4254 specificationis,

967 4304 1125 4359 1Em.
1165 4306 1374 4359 Rerum
1398 4307 1701 4362 Novarum.

963 4388 1128 4442 ²Em.
1155 4389 1365 4442 Rerum
1389 4391 1693 4446 ,Novar-um.

963 4472 1047 4524 ³5.
1087 4471 1292 4525 Tho-ma
1314 4474 1378 4526 in
1400 4475 1451 4529 h.
1481 4475 1516 4528 Ζ.
