3125 5317
682 555 723 619 11

135 737 284 826 respicit
309 735 583 825 subjectionem
612 734 776 806 hominis
802 735 868 825 qui
893 757 941 805 ex
966 755 1035 804 sna
1067 733 1283 804 conditione

135 865 321 952 obligatur
353 865 402 931 ad
434 863 687 932 exhibendam
721 862 967 932 reverentiam
1001 863 1091 931 Deo.
1154 861 1204 929 Et
1234 861 1283 929 ad

135 991 222 1058 haec
246 991 323 1058 duo
349 990 543 1076 pertinent
573 1009 699 1058 omnes
728 992 836 1057 actus
868 990 934 1075 qui
966 987 1140 1076 religioni
1174 986 1281 1055 attri-

136 1119 311 1198 buuntur,
326 1117 418 1204 quia
435 1135 502 1202 per
519 1135 645 1184 omnes
662 1115 773 1183 homo
792 1120 1024 1200 protestatur
1033 1114 1202 1181 divinam
1220 1134 1281 1181 ex·

136 1244 345 1312 cellantiam
360 1248 398 1310 et
414 1241 684 1328 subiectionem
701 1241 761 1310 sui
778 1241 828 1309 ad
846 1240 1030 1310 Deum.”1

660 1437 755 1486 XXX.

177 1563 269 1634 oum
319 1564 453 1652 religio
502 1569 690 1650 supponat
739 1562 984 1632 theoreticam
1031 1561 1281 1649 cognitionem

135 1691 389 1758 essentialium
422 1691 648 1759 relationum
684 1688 851 1758 hominis
881 1689 931 1756 ad
968 1688 1100 1773 Deum,
1137 1694 1175 1756 et
1214 1687 1279 1755 im-

137 1817 247 1903 plicet
279 1816 494 1884 earumdem
530 1816 757 1884 relationum
792 1814 1026 1901 agnitionem
1061 1814 1278 1900 practicam,

136 1943 375 2009 manifestum
401 1947 458 2009 est
483 1941 627 2008 cultum
649 1941 868 2026 religiosum
892 1940 1090 2026 procedere
1114 1959 1137 2005 a
1153 1939 1282 2007 volun·

135 2073 209 2134 tate
232 2067 376 2134 lumine
392 2065 554 2134 rationis
571 2066 715 2134 directa
730 2089 739 2149 ;
764 2065 920 2132 minime
937 2069 1061 2132 autem
1079 2063 1127 2130 ab
1144 2063 1281 2132 affectu

136 2214 249 2276 caeco,
270 2193 328 2259 vel
345 2213 367 2259 a
384 2191 542 2278 speciali
558 2192 721 2278 quadam
739 2190 934 2259 facultate.

648 2403 756 2451 XXXI.

179 2529 257 2596 Deo
281 2529 441 2596 debetur
456 2530 583 2597 cultus
599 2549 673 2596 non
686 2530 807 2596 solum
819 2529 991 2596 internus
1009 2529 1072 2597 sed
1090 2535 1277 2614 externus,

136 2675 206 2723 nou
222 2655 342 2723 solum
359 2655 532 2740 privatus
549 2655 613 2722 sed
630 2655 818 2740 publicus.

645 2851 771 2901 XXXII.

180 2993 374 3081 Objectum
392 2993 606 3061 absolutum
624 2995 750 3061 cultus
766 2994 903 3061 latriae
919 3002 976 3062 est
993 3000 1072 3061 tum
1090 2995 1153 3062 hio
1171 2994 1281 3063 homo

139 3120 315 3202 Christus,
337 3127 418 3187 tum
444 3119 688 3188 Sanctissima
721 3119 960 3203 Humanitas,
982 3140 1183 3208 omnesque
1199 3123 1282 3208 ejus

139 3255 256 3331 partes
281 3266 324 3312 ac
347 3245 569 3313 nominatim
603 3245 906 3313 Sacratissimum
938 3245 1011 3314 Cor
1038 3247 1129 3314 Jesu
1154 3246 1281 3317 Verbo

140 3369 204 3439 Dei
219 3371 524 3439 substantialiter
540 3371 702 3439 unitum.

636 3582 779 3632 XXXIII.

179 3708 222 3775 In
238 3708 356 3776 Missa
380 3707 507 3776 offerri
533 3708 611 3776 Deo
629 3729 756 3776 verum
776 3715 815 3777 et
839 3710 989 3796 proprie
1006 3710 1149 3778 dictum
1168 3711 1279 3778 sacri-

143 3833 267 3916 ficium,
289 3835 472 3902 suadetur
489 3833 620 3901 verbis
633 3833 889 3902 institutionis
914 3834 1187 3920 Eucharistiae,
1208 3837 1280 3904 effi-

143 3959 264 4026 caciter
303 3960 487 4044 probatur
527 3958 706 4026 vaticinio
731 3959 961 4027 Malachiae‘2
985 3967 1023 4028 et
1056 3961 1279 4029 universalis

144 4082 314 4152 Ecclesiae
331 4105 527 4168 consensu,
543 4103 653 4165 quem
667 4084 850 4152 exhibent
867 4086 1155 4172 antiquissimae
1172 4087 1279 4156 litur-

145 4210 214 4293 giae
228 4211 499 4297 luculentaque
517 4211 672 4279 Patrum
690 4210 918 4279 testimonia.

180 4387 221 4440 ¹⁸.
233 4388 373 4455 Thomas,
388 4394 405 4439 2
417 4394 444 4453 2,
458 4403 476 4455 q
498 4393 540 4454 ⁸1,
555 4403 585 4441 α.
596 4393 621 4456 3,
635 4389 676 4440 od
686 4395 712 4444 2.

179 4470 255 4525 'Mal
269 4472 386 4540 L,1⁰s
