3125 5317
1019 465 1064 528 7

964 655 1133 703 XVI.

0 761 231 842 Quum
276 768 325 801 “
351 784 399 831 a
430 763 802 850 theologis
823 762 1336 831 consideretur
1366 770 1754 849 peccatum
1789 765 2190 851 praecipue

0 871 302 938 zundum
331 871 534 958 quod
566 877 681 940 est
712 871 996 940 offensa
1020 879 1281 939 contra
1305 871 1548 939 Deum
1579 895 1596 955 3
1648 893 1692 940 a
1726 871 2190 959 Philosophus.)

0 983 141 1046 tem
190 980 466 1048 morali
513 981 924 1048 secundum
972 982 1176 1067 quod
1223 981 1731 1049 contrariatur
1775 981 2134 1065 rationi,’'
2158 984 2182 1024 ¹

0 1087 167 1155 inde
198 1094 370 1156 orta
401 1093 515 1156 est
558 1089 969 1175 appellatio
1000 1089 1291 1174 peccati
1347 1088 1869 1177 Philosophici
1901 1097 1977 1158 et
2008 1090 2186 1156 The*

0 1196 165 1282 ›gici
194 1220 212 1278 3
265 1197 679 1265 cavendum
741 1203 994 1265 tamen
1056 1203 1171 1266 est
1234 1218 1325 1265 ne
1387 1204 1777 1284 peccatum
1849 1196 2186 1266 Philoso-

0 1303 198 1371 icum
234 1325 280 1372 a
312 1305 759 1393 Theologico
791 1306 1125 1391 separari
1157 1325 1375 1392 posse
1406 1306 1906 1374 existimetur.

901 1414 1006 1466 ¹82.
1056 1412 1310 1474 Thomas,
1340 1416 1388 1474 1,
1414 1415 1465 1474 2,
1503 1430 1550 1479 q.
1581 1414 1664 1475 71,
1690 1429 1745 1466 a.
1773 1414 1805 1466 6
1839 1415 1916 1465 ad
1937 1415 1985 1466 5.

943 1584 1145 1632 XVII.

0 1695 38 1727 ³‘
62 1690 246 1759 Cum
287 1690 492 1758 Deus
525 1691 628 1759 sit
658 1692 1115 1779 gubernator
1162 1712 1248 1759 ac
1280 1691 1519 1759 totius
1553 1691 1885 1759 universi
1917 1695 2178 1772 rector,

0 1799 333 1866 zesertim
382 1800 869 1868 rationalium
919 1808 1451 1884 creaturarum,
1492 1799 1796 1866 illarum
1845 1799 2016 1866 finis
2064 1819 2186 1866 ex-

0 1927 167 1974 ens:
221 1913 437 1975 actus
485 1907 819 1992 humani,
876 1913 964 1976 ut
1026 1908 1203 1975 boni
1251 1909 1367 1975 vel
1431 1908 1636 1992 mali,
1693 1928 1841 1975 non
1889 1912 2186 1974 tantum

0 2014 93 2081 ud
115 2015 479 2100 homines,
522 2017 652 2084 sed
678 2017 884 2102 apud
912 2016 1155 2084 Deum
1188 2016 1556 2084 meritorii
1585 2016 1702 2084 vel
1725 2014 2182 2083 demeritorii

0 2143 49 2190 fe
81 2123 526 2191 dicuntur.’'

1110 2233 1190 2285 St.
1228 2231 1481 2294 Thomas,
1510 2234 1558 2293 1,
1598 2234 1649 2293 2,
1686 2248 1734 2298 q.
1762 2233 1825 2283 21
1851 2248 1903 2283 a.
1933 2232 1983 2283 4.

916 2403 1152 2450 XVIII.

0 2507 388 2575 “Insitum
439 2508 725 2576 homini
790 2514 1062 2576 natura
1109 2515 1245 2592 est,
1287 2515 1374 2576 ut
1439 2508 1519 2574 in
1569 2508 1779 2575 civili
1830 2508 2186 2576 societate

0 2621 92 2683 ·at
119 2617 236 2698 ;’'¹
298 2616 551 2684 variae
582 2621 835 2685 tamen
882 2617 1266 2685 societatis
1313 2617 1597 2685 formae
1647 2617 1742 2684 ab
1799 2615 2182 2684 hominum

0 2724 281 2792 rivitate
316 2725 667 2810 pendent.

877 2832 1011 2885 ¹120
1038 2832 1238 2895 XIII..
1267 2833 1465 2899 Encyc.
1497 2833 1815 2885 Immortalo
1858 2832 1978 2885 Dei.

956 3003 1122 3051 XIX.

0 3116 30 3148 '⁴
52 3110 300 3178 Homo
341 3110 833 3195 propensione
856 3111 1193 3179 naturali
1219 3110 1417 3178 sicut
1449 3110 1547 3178 ad
1581 3109 2182 3196 conjunctionem

0 3217 190 3286 citur
254 3219 1058 3306 congregationemque
1105 3219 1420 3303 civilem,
1488 3219 1595 3286 sic
1645 3223 1720 3286 et
1776 3218 1967 3285 alias
2015 3238 2182 3284 curn

3 3326 174 3394 ibus
237 3326 434 3394 inire
485 3326 878 3394 societates
928 3327 1243 3413 expetit,
1285 3327 1602 3413 exiguas
1654 3326 1827 3394 illas
1878 3326 2182 3413 quidem

0 3456 15 3502 z
45 3435 446 3521 perfectas,
488 3435 617 3503 sed
652 3435 1047 3503 societates
1091 3441 1362 3504 tamen.
1466 3435 1691 3503 Nunc
1722 3456 1895 3503 vero
1928 3455 2182 3521 quam-

0 3563 105 3610 am
164 3543 562 3611 societates
592 3544 932 3630 privatae
978 3544 1323 3611 existunt
1370 3544 1449 3610 in
1499 3543 1830 3628 civitate,
1872 3544 2186 3631 ejusque

0 3660 60 3722 1t
91 3655 305 3722 velut
335 3659 587 3739 partes
611 3653 952 3738 totidem,
986 3659 1237 3721 tamen
1270 3653 1617 3721 universe
1651 3636 1894 3738 ac'per
1926 3673 2004 3720 se
2036 3672 2186 3721 non

58 3762 140 3829 in
203 3768 579 3849 potestate
645 3761 1105 3848 reipublicae
1170 3782 1265 3830 ne
1343 3761 1683 3830 existant
1759 3760 2178 3848 prohibere,

0 3870 233 3938 ivatas
282 3870 480 3938 enim
531 3870 926 3938 societates
975 3869 1168 3937 inire
1233 3890 1662 3938 concessum
1728 3875 1843 3938 est
1894 3870 2186 3940 homini

0 3998 49 4046 ·e
79 3978 476 4046 naturae.''

856 4084 964 4138 Leo
988 4084 1188 4148 XIII„
1210 4086 1409 4152 Enyo.
1439 4085 1651 4139 Rerum
1680 4086 1981 4140 Novarum.

961 4255 1094 4303 XX.

0 4366 36 4400 ‘⁴
52 4360 374 4429 Licitum
391 4367 505 4430 est
529 4361 730 4448 quod
759 4361 982 4430 homo
1002 4362 1306 4448 propria
1320 4363 1708 4448 possideat
1726 4368 1802 4431 et
1816 4368 1933 4431 est
1956 4362 2182 4432 etiam

0 4469 379 4538 cessarium
412 4470 512 4538 ad
552 4470 961 4538 humanam
994 4471 1312 4538 vitam.'’

1096 4579 1175 4632 st.
1213 4577 1469 4640 Thomas,
1494 4580 1545 4640 2,
1574 4580 1625 4639 2,
1651 4593 1698 4643 q.
1728 4578 1813 4638 66,
1840 4595 1896 4632 a.
1925 4581 1976 4632 2.-
