3125 5317
1032 490 1076 553 7

48 663 432 730 divinitus
467 685 512 730 a
546 663 851 731 Christo
904 662 1328 742 institutae,
1374 666 1602 746 atque
1655 660 1860 741 adeo,
1905 660 1983 725 in
2037 659 2259 726 sectis

0 773 450 839 testantium
485 773 776 838 nullam
811 792 971 837 esse
1007 770 1416 836 Ecclesiam
1454 769 1762 837 Christi.
1847 751 1871 763 ”

990 912 1121 964 XII.

0 1037 103 1081 am
162 1022 455 1081 certum
513 1021 647 1095 est,
691 1014 1076 1082 Christum
1132 1034 1339 1079 suam
1384 1012 1790 1079 Ecclesiam
1839 1012 2259 1079 instituisse

6 1124 365 1205 isibilem‚
410 1144 639 1210 quam
699 1129 982 1188 certum
1040 1128 1175 1204 est,
1220 1121 1605 1200 Christum
1661 1111 1992 1205 aliquam
2049 1142 2255 1186 suam

0 1232 258 1298 lesiam
298 1233 379 1298 in
417 1232 638 1298 terris
674 1230 1125 1297 condidisse.

980 1372 1142 1424 XIII.

0 1476 290 1541 hristus
344 1497 430 1541 eo
484 1476 649 1560 ipso
687 1474 906 1560 'quod
972 1475 1229 1540 fideles
1295 1495 1467 1539 suos
1523 1474 1763 1539 voluit
1826 1476 2263 1560 conjunctos

0 1584 290 1650 lentico
372 1583 832 1669 magisterio,
908 1582 1279 1648 divinitus
1345 1582 1702 1648 instituto
1768 1583 2125 1668 regimine
2189 1591 2263 1650 et

0 1692 210 1758 lliari
269 1693 717 1775 sacerdotio,
764 1691 1136 1757 visibilem
1172 1690 1515 1756 instituit
1571 1691 1904 1756 fidelium
1954 1693 2259 1758 societa-

0 1854 5 1875 ‚
48 1800 443 1867 visibilem
482 1800 913 1866 Ecclesiam.

981 1924 1137 1976 xlv.

6 2031 97 2093 ori
141 2034 452 2092 tantum
493 2026 701 2091 nulla
761 2045 1088 2110 unquam
1124 2024 1277 2090 fuit
1312 2044 1547 2109 neque
1586 2026 1742 2092 ulla
1778 2047 2011 2112 usque
2046 2028 2263 2094 modo

0 2136 99 2201 rel
138 2155 314 2201 esse
347 2140 598 2219 potest
631 2135 853 2219 juxta
897 2132 1268 2217 principia
1319 2132 1930 2200 Protestantismi
1968 2137 2267 2221 proprie

1 2264 42 2308 a
82 2243 458 2318 Ecclesia,
496 2242 624 2308 sed
648 2242 873 2307 etiam
901 2241 1175 2307 occulti
1206 2241 1321 2306 illi
1347 2242 1611 2309 sancti.
1642 2264 1680 2308 e
1707 2244 1984 2327 quibus
2022 2245 2263 2311 Eccle-

0 2372 25 2416 1
96 2351 571 2416 invisibilem
639 2357 979 2416 constare
1038 2347 1460 2434 autumant,
1525 2370 1907 2436 nunquam
1969 2361 2043 2418 et
2098 2374 2263 2420 nus‘

0 2480 59 2523 m
99 2443 562 2541 extiterunt,
606 2465 681 2524 et
715 2458 811 2524 ad
844 2458 1105 2523 inania
1137 2459 1492 2542 figmenta
1527 2455 1704 2525 sunt
1741 2462 2142 2546 relegandi.

999 2599 1123 2650 XV.

6 2701 223 2768 ivina
264 2702 621 2768 voluntas
655 2700 1073 2767 vocationis
1105 2709 1181 2767 et
1207 2702 1652 2768 antecedens
1686 2703 2098 2772 destinatio
2128 2708 2263 2773 Dei

0 2811 310 2877 alutem
345 2816 423 2876 et
456 2810 551 2876 ad
589 2809 974 2875 ecclesiam
1012 2810 1395 2875 extensive
1429 2811 1889 2879 coincidunt.

988 2950 1142 3002 XVI.

12 3054 383 3119 Statuere
434 3072 627 3137 quae
662 3052 816 3117 sint
853 3051 1241 3118 doctrinae
1275 3052 1649 3119 divinitus
1702 3059 2092 3137 revelatae,
2138 3061 2264 3126 Ec-

0 3162 114 3227 lae
168 3161 522 3227 docentis
574 3168 708 3242 est,
775 3161 895 3226 cui
948 3161 1367 3226 custodiam
1427 3162 2271 3255 interpretationemque

0 3291 46 3335 ‚s
73 3269 562 3355 eloquiorum
601 3272 902 3335 suorum
937 3269 1389 3335 commisit.'’

858 3376 960 3427 Leo
988 3376 1159 3427 XIII.
1192 3377 1364 3442 Ency.
1397 3379 1711 3443 Sapientiae
1741 3382 2065 3438 Christiane.

978 3494 1164 3546 XVII.

0 3598 9 3662 ἰ
46 3596 408 3663 Ecclesia
434 3597 547 3663 vel
576 3596 923 3681 pontifex
949 3618 1042 3661 ex
1070 3596 1427 3663 cathedra
1462 3599 1776 3685 loquens
1811 3611 1983 3671 actu
2008 3607 2271 3677 definit

0 3714 250 3771 tat-em
291 3704 369 3769 in
407 3726 483 3769 se
516 3725 662 3770 non
697 3706 1122 3784 revelatam,
1154 3727 1238 3771 eo
1274 3705 1438 3791 ipso
1473 3712 1799 3777 exercite
1833 3715 2060 3781 etiam
2100 3719 2271 3786 defi-

0 3812 525 3880 extensionem
572 3833 750 3879 suae
803 3812 1388 3882 infallibilitatis
1442 3818 1535 3883 ad
1595 3819 2034 3905 hujusmodi
2092 3831 2272 3896 veri-

0 3943 55 3988 s.
965 4013 1180 4065 xvm.

5 4114 258 4179 eritas
282 4117 404 4178 est
430 4112 839 4198 theologice
866 4121 1085 4194 certa,
1113 4115 1518 4183 Ecclesiam
1548 4120 1777 4186 etiam
1816 4124 1893 4191 in
1924 4129 2275 4200 definien-

0 4220 473 4288 veritatibus
522 4242 711 4306 quae
762 4222 1090 4287 finaliter
1142 4224 1630 4343 theolooicae,
1677 4254 1805 4299 seu
1862 4237 2067 4307 facta
2104 4243 2279 4331 dog—

0 4330 113 4396 ica
152 4334 556 4413 vocantur,
599 4350 756 4396 esse
791 4330 1301 4398 infallibilem.
