3125 5317
617 834 704 886 vm.

140 960 402 1030 Contendimns
417 958 657 1048 hypnotismi
670 958 927 1048 phenomenis,
944 959 991 1029 de
1004 958 1143 1049 quibus
1153 978 1237 1029 con·

106 1094 174 1173 stet,
198 1108 272 1156 non
295 1086 486 1156 infirmari
511 1088 676 1157 valorem
699 1086 913 1174 argumenti
938 1106 1007 1173 pro
1029 1085 1238 1157 existentia

104 1212 194 1282 liberi
208 1212 377 1299 arbitrii,
396 1212 592 1300 desumpti
607 1233 655 1281 ex
670 1211 887 1282 testimonio
904 1210 1165 1281 conscientiae.

637 1408 692 1458 11.

136 1534 175 1600 In
188 1538 293 1601 statu
318 1538 484 1603 naturae
507 1533 646 1620 lapsae,
664 1532 811 1621 gratiae
834 1531 999 1601 efficacia
1022 1532 1166 1600 nnllam
1183 1530 1239 1599 in·

103 1659 161 1726 lert
187 1658 339 1726 homini
375 1656 648 1743 necessitatem,
682 1656 739 1725 ita
771 1662 815 1725 nt
846 1656 1006 1725 liberum
1038 1654 1238 1725 arbitrium

100 1783 252 1852 resistere
267 1789 311 1853 et
327 1782 533 1853 dissentire
549 1802 623 1852 non
640 1782 763 1870 possit
779 1783 813 1851 si
830 1781 934 1851 velit.

650 1994 685 2042 X.

137 2117 275 2186 “Duae
305 2116 466 2186 suntin
497 2117 608 2186 terris
640 2117 839 2186 societates
870 2116 1080 2185 maximae:
1119 2116 1240 2185 altera

99 2244 215 2327 civilis,
235 2245 356 2331 cnjus
378 2242 576 2330 proximus
592 2242 679 2311 finis
695 2249 753 2312 est
776 2242 943 2311 hnmano
957 2241 1083 2329 generi
1098 2242 1238 2311 bonum

100 2388 301 2455 comparare
325 2369 535 2455 temporale
559 2373 598 2437 et
620 2367 876 2436 mundanum:
903 2368 1023 2436 altera
1047 2365 1235 2455 religiosa,

4 2507 5 2534 ¹
98 2496 188 2580 cnjus
202 2501 263 2562 est
280 2492 459 2563 homines
472 2493 522 2562 ad
535 2513 658 2562 veram
674 2492 782 2561 illam
795 2492 1018 2562 felicitatem
1035 2491 1240 2580 perducere

97 2618 260 2707 adquam
277 2618 379 2688 facti
396 2639 527 2688 snmus
543 2618 738 2687 coelestem
755 2638 799 2687 ac
815 2617 1139 2705 sempiternam.”1

639 2812 696 2862 n.

4 2933 5 2938 ’
134 2938 345 3007 “Ecclesia
367 2957 442 3006 non
467 2942 525 3005 est
548 2936 668 3005 libera
699 2936 859 3005 societas
882 2935 994 3024 quasi
1018 2936 1240 3006 indifferens

96 3062 192 3130 sitad
208 3064 379 3131 salntem
390 3082 473 3130 eam
491 3060 569 3130 sive
584 3081 692 3130 nosse
708 3061 787 3129 sive
797 3061 980 3149 ignorare,
995 3060 1074 3130 sive
1090 3061 1238 3151 ingredi

96 3189 161 3257 aire
180 3189 426 3276 relinquere:
453 3187 520 3257 sed
543 3193 601 3257 est
624 3188 776 3256 omnino
793 3188 1002 3256 necessaria
1025 3187 1238 3276 etquidem

96 3314 312 3382 necessitate
323 3333 400 3382 non
416 3318 568 3382 tantum
584 3312 776 3401 praecepti
787 3311 969 3382 dominici
979 3332 1107 3381 verum
1124 3312 1237 3381 etiam

97 3440 266 3507 nedii.”²

628 3548 701 3599 x11.

131 3673 325 3743 Ecclesiae
337 3675 421 3762 jure
431 3673 563 3742 divino
576 3672 674 3742 inest
686 3678 856 3761 potestas
868 3673 1083 3761 legislativa
1098 3694 1122 3742 a
1133 3671 1241 3742 civili

99 3806 271 3883 potestate
288 3798 564 3894 independens.

616 3991 706 4042 xm.

133 4132 229 4204 Haec
253 4140 433 4222 potestas
448 4138 618 4202 versatur
634 4154 708 4203 non
733 4133 855 4202 solnm
879 4133 978 4203 circa
1001 4153 1167 4223 eaquae
1192 4136 1240 4205 ad

100 4258 192 4328 fidem
216 4268 258 4329 et
282 4279 422 4344 mores,
448 4259 588 4327 cultum
613 4266 651 4328 et
675 4257 1011 4328 sanctificationem
1035 4260 1238 4348 pertinent,

127 4449 866 4519 'romasoroatmrmesaucmmoea

127 4532 484 4605 ’memnonem
496 4534 846 4593 &remanentes
