3125 5317
541 1438 855 1555 THESES.

682 1708 708 1755 1.

162 1869 358 1936 Scieutiae
376 1867 543 1949 morales,
563 1885 660 1953 quae
677 1866 833 1933 liberam
851 1865 1014 1933 hominis
1039 1867 1272 1936 activitatem

129 1994 382 2076 considerant,
404 1992 622 2078 praecipuae
641 1997 753 2057 sunt:
780 1990 916 2075 ethica,
939 1991 1098 2079 (scilicet
1121 1998 1272 2060 natura·

128 2121 169 2187 lis
181 2129 217 2187 et
233 2115 570 2205 supernaturalis),
594 2116 761 2201 politica,
790 2115 955 2203 juridica
970 2123 1008 2183 et
1024 2118 1269 2185 oeconomica.

131 2247 224 2312 hicet
239 2250 377 2311 autem
394 2261 460 2308 eae
484 2240 660 2307 scientiae
686 2240 820 2306 saltem
849 2241 996 2327 objecto
1024 2239 1173 2308 formali
1200 2242 1274 2309 dis-

131 2372 364 2457 tinguantur,
386 2375 510 2433 tamen
528 2367 625 2432 inter
641 2386 680 2431 se
697 2385 887 2432 connexae
911 2372 1011 2449 sunt,
1031 2370 1069 2432 et
1094 2387 1116 2433 a
1141 2369 1276 2435 morali

132 2509 307 2582 tanquam
337 2514 360 2560 a
389 2491 535 2577 Regina
566 2490 741 2576 pendent.
808 2490 1027 2577 Rejioienda
1068 2498 1157 2559 sunt
1187 2513 1275 2579 ergo

133 2626 334 2706 systemata
358 2636 455 2702 qnae
479 2614 683 2700 politicam,
711 2615 910 2702 juridicam
941 2622 980 2682 et
1004 2616 1275 2684 oeconomicam

134 2743 300 2814 amorali
317 2747 530 2828 separatam
547 2746 772 2825 proponunt.

680 2953 722 3000 11.

177 3118 221 3183 In
239 3138 276 3182 re
292 3113 428 3180 morali
445 3111 744 3177 fundamentalis
760 3118 819 3178 est
846 3113 1017 3197 quaestio
1042 3114 1088 3181 de
1114 3114 1278 3183 hominis

140 3255 267 3309 natura
299 3250 337 3307 et
369 3236 534 3305 maxime
561 3236 607 3303 de
639 3237 723 3323 ejus
755 3236 850 3303 fine:
891 3238 1040 3323 etenim,
1081 3242 1278 3327 “cognitis

141 3387 254 3434 rernm
280 3364 421 3430 finibus
455 3380 538 3427 oum
571 3360 810 3446 intelligatur
835 3360 928 3447 qnid
953 3361 1004 3429 sit
1035 3369 1072 3429 et
1097 3365 1277 3432 bonorum

142 3506 339 3559 extremum
354 3494 394 3555 et
409 3487 603 3568 malorum,
625 3486 779 3553 inventa
796 3487 895 3553 vitae
908 3488 969 3554 via
986 3496 1052 3573 est,
1074 3489 1277 3559 conforma-

144 3620 259 3704 tioque
275 3616 443 3683 omnium
462 3612 727 3680 officiorum.”1

684 3824 745 3871 111.

189 3987 300 4053 Homo
318 3991 468 4051 creatus
492 3989 549 4049 est
572 3982 620 4048 ad
641 4002 744 4048 suam
764 3982 804 4047 in
822 3982 892 4049 Dei
908 3984 1179 4070 glorificatione
1197 3987 1281 4055 bea·

151 4112 353 4191 titudinem3
378 4108 435 4175 ita
454 4115 495 4174 ut
510 4108 630 4193 gloria
647 4107 718 4173 Dei
741 4108 794 4174 sit
821 4108 985 4176 hominis
1013 4110 1099 4178 finis
1124 4111 1282 4181 ultimus

153 4237 349 4319 primarius,
369 4232 567 4300 beatitudo
582 4232 669 4298 finis
686 4233 939 4299 secundarius.

875 4380 1280 4393 -.-n-*u*

177 4444 279 4493 'Tullium
291 4443 394 4487 arlo,
420 4442 474 4487 Η.
