3125 5317
834 679 877 742 14

275 881 332 948 uti
349 901 397 948 ex
413 880 517 948 fonte
531 880 678 947 vivifico
691 879 771 947 vita
787 877 1086 964 supernaturalis
1103 878 1141 942 iu
1159 897 1286 944 omues
1303 877 1428 943 Eccle-

276 1006 354 1074 siae
371 1011 508 1092 partes,
529 1006 646 1073 veluti
665 1005 705 1071 iu
723 1025 839 1071 unum
863 1025 998 1090 eorpus
1021 1009 1255 1089 compactum
1280 1009 1316 1070 et
1342 1023 1429 1070 cou-

276 1153 425 1214 nexum‚
448 1131 688 1198 diffunditur.
741 1131 875 1217 Itaque
898 1129 1064 1197 Ecclesia
1089 1129 1189 1196 vitae
1214 1129 1430 1214 spiritualis

276 1259 443 1326 omnium
472 1238 770 1344 regeneratorum
788 1263 826 1323 et
843 1256 1049 1322 viventium
1075 1255 1114 1321 in
1140 1255 1291 1323 Christo
1308 1261 1430 1323 mater

278 1382 462 1461 fidissima
478 1389 535 1450 est
551 1387 664 1470 atque
681 1381 985 1448 foecundissima.

812 1561 891 1608 XLI.

325 1704 462 1772 Merita
488 1703 631 1772 Christi
657 1703 800 1769 domini
828 1702 936 1769 nobis
958 1701 1198 1786 applicantur
1218 1722 1283 1788 per
1307 1724 1424 1770 sacra·

276 1836 401 1898 menta
415 1829 544 1896 Novae
562 1827 671 1914 Legis
690 1828 736 1894 ab
754 1827 837 1912 ipso
850 1827 1040 1905 instituta,
1057 1827 1194 1912 quibus
1207 1827 1328 1895 virtus
1341 1849 1426 1914 pro-

275 1954 359 2042 pria
383 1961 450 2034 est,
474 1962 514 2020 ut
532 1974 597 2039 per
612 1974 655 2020 ea
673 1959 855 2039 tanquam
878 1973 943 2036 per
968 1973 1099 2018 causas
1122 1952 1429 2020 instrumentales

274 2079 491 2148 homiuibus
508 2099 581 2145 non
599 2078 827 2164 ponentibus
841 2078 980 2144 obicem
997 2078 1122 2164 gratia
1138 2079 1376 2146 sanctificans
1389 2081 1428 2147 vi

275 2205 397 2291 ipsius
422 2203 518 2290 signi
538 2203 700 2270 visibilis
725 2203 950 2269 conferatur:
978 2202 1203 2269 credendum
1228 2203 1430 2290 igiturest

274 2351 340 2416 per
368 2335 599 2396 sacramenta
627 2327 821 2396 Christum
848 2329 972 2412 ipsum
1001 2349 1083 2394 vere
1108 2335 1146 2395 et
1168 2329 1330 2414 proprie,
1354 2331 1427 2397 etsi

276 2455 617 2538 instrumentaliter
628 2461 665 2522 et
678 2454 990 2536 ministerialiter,
1002 2454 1171 2521 homines
1179 2455 1423 2523 sanctificare.

802 2650 899 2697 XLII.

324 2791 413 2858 Mal.
434 2791 463 2856 Ι.
486 2795 600 2872 11-14,
630 2790 889 2876 praenuntiari
919 2791 1152 2857 incruentum
1180 2790 1428 2859 Eucharistae

276 2917 498 2985 sacrificium
529 2924 636 3002 patet
652 2923 732 2983 tum
749 2938 797 2982 ex
814 2916 996 2982 sermonis
1013 2916 1050 2980 vi
1077 2925 1116 2983 et
1132 2924 1323 3001 contextu,
1345 2923 1426 2984 tum

275 3066 323 3112 ex
340 3041 545 3110 traditione
565 3041 829 3108 ecclesiastica.

796 3219 908 3266 XLIII.

323 3360 473 3428 Fractio
490 3360 559 3427 illa
575 3359 696 3445 panis,
715 3359 760 3425 de
778 3380 854 3444 qua
871 3380 989 3426 sermo
1006 3369 1062 3426 est
1082 3362 1165 3427 Act.
1187 3361 1242 3445 ii.,
1260 3367 1318 3443 423
1342 3385 1423 3447 xic,

278 3494 313 3570 73
347 3485 593 3572 probabiliter
618 3493 674 3550 est
707 3484 872 3569 sumptio
899 3486 1120 3553 sacramenti
1150 3487 1427 3570 Eucharistiae;

279 3611 509 3698 proindeque
538 3609 629 3676 bene
660 3611 775 3694 Syrus
809 3609 993 3695 interpres
1025 3632 1173 3677 sensum
1207 3612 1321 3700 hujus
1353 3615 1427 3681 loci

277 3735 446 3804 reddidit
462 3743 518 3802 est
535 3755 600 3820 per
618 3735 727 3801 verba
751 3735 962 3820 “frouqere
979 3735 1309 3804 aetelcrtctaoc.”

797 3915 904 3963 XLIV.

324 4057 362 4123 Si
379 4055 477 4123 ratio
495 4055 679 4123 habeatur
704 4058 840 4142 objecti
859 4057 1066 4124 materialis
1083 4065 1121 4125 et
1137 4058 1273 4146 objecti
1292 4061 1427 4128 forma-

276 4184 324 4250 lis
341 4181 466 4248 cultus
484 4181 879 4249 Saor·atissin1i00rdis
897 4182 999 4265 desa,
1017 4183 1128 4267 plane
1145 4183 1375 4269 intelligitur
1387 4187 1429 4254 iu

279 4308 348 4374 hoc
380 4307 485 4373 cultu
518 4305 615 4372 nihil
645 4306 797 4373 omnino
823 4307 1127 4391 superstitiosum
1155 4307 1326 4392 inveniri,
1363 4312 1429 4378 sed

275 4423 426 4501 econtra
447 4434 649 4499 elucescere
671 4432 803 4498 miram
828 4431 1100 4519 benignitatem
1124 4434 1339 4518 Salvatoris‚
1360 4436 1428 4523 qui

281 4554 413 4626 ‘'‘uihil
441 4557 568 4643 potius
594 4557 738 4640 habuit,
761 4578 874 4643 quam
893 4572 935 4625 ut
951 4558 1138 4626 flammam
1164 4560 1336 4630 caritatis
1353 4581 1430 4650 qua
