3125 5317
834 511 854 571 6

822 702 875 748 Vi.

297 804 415 892 Cujus
431 807 686 876 maternitatis
702 807 838 875 intima
865 808 921 875 vis
947 830 989 875 ac
1014 809 1112 876 ratio
1136 809 1175 874 in
1201 831 1244 877 eo
1260 817 1327 892 est,
1349 808 1452 898 quod

252 913 429 997 Ecclesia,
450 915 499 982 ad
516 917 729 1000 exemplum
748 916 920 1002 Virginis
938 917 1083 1001 Matris,
1106 939 1126 984 a
1154 919 1297 1003 Spiritu
1316 918 1453 1004 Sponsi

252 1022 474 1090 obumbrata
500 1029 538 1090 et
562 1023 720 1091 mirifica
745 1024 1002 1092 foecunditate
1029 1027 1179 1106 donata,
1202 1026 1392 1094 Christum
1412 1027 1452 1114 in

252 1131 427 1197 membris
451 1131 530 1198 suis
547 1132 659 1217 parit,
676 1131 816 1200 format
841 1139 954 1218 atque
984 1134 1068 1200 “ad
1086 1134 1222 1202 aetatis
1246 1135 1452 1220 plenitudi-

251 1259 332 1305 nem
345 1240 369 1271 ’'
390 1240 574 1325 perducit.

817 1348 880 1402 Vll.

298 1450 488 1535 Organum
517 1469 602 1516 vero
630 1447 746 1536 hujus
770 1449 932 1517 eximiae
964 1451 1221 1520 Maternitatis
1242 1460 1300 1519 est
1328 1453 1453 1520 Sacer-

253 1557 410 1635 dotium,
447 1557 507 1624 cui
539 1557 701 1643 mystica
718 1557 906 1626 Ecclesiae
931 1560 1039 1642 bona,
1069 1578 1165 1646 quae
1193 1581 1276 1628 cum
1307 1561 1452 1646 Sponso

252 1665 367 1732 habet
383 1666 604 1748 communia,
626 1666 812 1733 divinitus
837 1674 926 1733 sunt
943 1667 1166 1751 concredita,
1184 1675 1227 1735 ut
1243 1689 1309 1754 per
1326 1669 1451 1754 ipsum

253 1793 332 1854 sese
348 1780 498 1841 exserat
514 1774 678 1859 Sponsae
695 1780 864 1841 materna
880 1775 1118 1843 foecunditas
1131 1782 1245 1863 atque
1258 1777 1448 1844 activitas.

809 1899 887 1952 VIII.

299 2001 485 2085 Spectatis
497 2000 846 2067 fundamentalibus
862 2001 1061 2086 principiis
1078 2002 1132 2068 sic
1142 2003 1267 2070 dictae
1281 2003 1450 2070 Reform-

253 2109 392 2176 ationis
405 2108 555 2174 omnino
568 2108 641 2174 sibi
651 2108 826 2176 cohaeret
834 2109 967 2176 Winer
979 2110 1166 2177 affirmans
1184 2117 1207 2148 “
1217 2111 1452 2178 Protestant-

253 2219 369 2284 ismus
401 2217 564 2302 seipsum
598 2217 817 2300 destrueret,
849 2217 880 2284 si
913 2218 1116 2286 Ecclesiam
1151 2229 1366 2304 agnosceret
1398 2241 1453 2288 se-

253 2326 416 2392 cundum
435 2346 540 2392 suam
557 2325 755 2392 essentiam
773 2331 816 2392 ut
832 2332 1025 2424 externam
1042 2327 1380 2396 institutionem.’'¹

826 2467 877 2519 IX.

300 2569 400 2635 Vera
417 2568 582 2634 Ecclesia
600 2567 701 2634 credi
718 2567 830 2634 debet
846 2569 1005 2654 societas
1021 2569 1244 2655 inaequalis
1266 2576 1379 2656 atque
1396 2573 1454 2638 ita

254 2677 405 2746 Christo
430 2680 581 2742 auctore
608 2683 835 2760 comparata,
856 2683 900 2743 ut
917 2678 985 2744 alii
1003 2677 1041 2743 in
1064 2698 1108 2744 ea
1134 2679 1212 2744 sint
1228 2680 1448 2764 praepositi,

255 2786 322 2852 alii
348 2784 517 2866 subditi;
550 2784 617 2850 alii
644 2785 825 2866 doctores,
855 2785 921 2851 alii
949 2785 1152 2870 discipuli;
1186 2786 1253 2853 alii
1278 2789 1451 2873 mysteri-

253 2915 358 2962 orum
376 2893 663 2977 dispensatores,
686 2892 752 2959 alii
770 2893 1044 2963 sanctificandi.

833 3035 868 3087 X.

300 3137 358 3202 Ex
374 3157 417 3203 eo
443 3136 542 3223 quod
568 3135 644 3202 alia
670 3135 837 3202 Ecclesia
864 3135 1005 3204 Christi
1025 3136 1203 3231 instituta
1220 3158 1294 3205 non
1318 3137 1395 3205 fuit
1412 3139 1451 3205 in

251 3246 361 3312 terris
393 3251 540 3328 praeter
572 3243 770 3327 visibilem,
807 3245 883 3329 Jam
916 3245 1124 3312 necessario
1157 3246 1327 3331 sequitur
1353 3247 1451 3314 hanc

252 3356 373 3440 ipsam
391 3351 592 3418 Ecclesiam
612 3351 799 3418 visibilem
818 3373 896 3419 esse
914 3374 1005 3436 eam,
1027 3353 1089 3420 cui
1101 3353 1225 3420 factae
1242 3362 1331 3422 sunt
1348 3363 1386 3422 et
1402 3357 1451 3422 ad

252 3483 364 3549 quam
398 3461 514 3527 solam
547 3460 761 3527 referuntur
792 3460 1060 3545 promissiones
1092 3482 1218 3529 omnes
1244 3484 1266 3529 a
1299 3462 1452 3531 Christo

252 3570 413 3639 Domino
430 3570 476 3636 de
494 3569 661 3636 Ecclesia
678 3590 745 3636 sua
763 3577 801 3636 et
818 3591 885 3654 pro
910 3591 953 3636 ea
970 3569 1199 3638 enuntiatae.

826 3711 876 3764 XI.

302 3813 551 3882 “Tenendum
568 3833 615 3879 ex
641 3813 714 3879 fide
736 3818 803 3896 est,
825 3820 933 3880 extra
959 3813 1216 3898 Apostolicam
1241 3814 1449 3882 Romanam

253 3922 455 3989 Ecclesiam
468 3921 611 3988 salvum
624 3921 705 3987 fieri
718 3921 900 3987 neminem
911 3923 1059 4006 posse.'’
1107 3922 1213 3989 Unde
1224 3924 1451 4010 quicumque

252 4040 339 4098 ante
372 4031 555 4096 actualem
598 4029 773 4095 unionem
816 4051 899 4095 cum
933 4029 1099 4096 Ecclesia
1132 4030 1274 4099 Christi
1306 4031 1450 4100 risibili

251 4139 472 4206 decedentes
488 4139 693 4220 salvantur,
715 4138 874 4204 salutem
893 4158 966 4204 non
984 4147 1263 4224 consequuntur
1287 4139 1359 4206 nisi
1385 4162 1452 4226 per

251 4247 453 4313 Ecclesiam
472 4253 509 4312 et
524 4246 564 4311 in
582 4246 758 4312 Ecclesia.

250 4360 310 4368 ..-
326 4360 553 4365 —...——-

299 4390 358 4454 ¹Cs.
379 4389 469 4440 ll'iacr
477 4390 507 4438 in
518 4394 534 4413 ‘¹
546 4390 755 4452 Compc-rctionc
760 4359 1448 4456 pussessionurhilricrarrrmrEmW
