3125 5317
685 722 728 789 15

149 916 261 983 toribus
275 920 426 999 propter
443 916 678 983 sufficientes
705 936 837 983 causas
853 920 1046 984 externam
1060 915 1273 982 libertatem

148 1042 256 1113 talibus
269 1040 428 1109 diversis
446 1043 581 1111 cultus
597 1042 797 1130 generibus
814 1063 976 1115 asserere
993 1042 1112 1109 licetl

643 1202 753 1257 XLVI.

182 1319 385 1388 Parentibus
414 1343 439 1388 a
457 1321 542 1389 Deo
571 1320 790 1407 impositum
819 1326 876 1387 est
903 1320 1075 1403 officium,
1104 1321 1272 1407 adeoque

150 1447 235 1515 simul
258 1446 316 1532 jus
341 1446 580 1515 attributum
610 1446 890 1532 auctoritasque
913 1467 1086 1513 concessa
1102 1446 1200 1513 tilios
1217 1446 1270 1512 iu-

46 1652 47 1675 *
150 1571 284 1639 struendi
311 1578 349 1639 et
376 1572 575 1640 educandi
592 1573 786 1639 iubenum
812 1565 998 1639 Ecclesiae
1026 1577 1064 1638 et
1089 1572 1271 1639 civitatis:

46 1686 48 1767 ἶ
152 1700 354 1765 sicutautem
383 1699 554 1766 officium
571 1698 668 1766 illud
685 1704 741 1766 est
758 1698 1036 1781 indeclinabile,
1058 1698 1114 1765 ita
1128 1697 1197 1765 hoc
1212 1700 1275 1785 jus
1368 1722 1372 1730 ·

149 1824 203 1893 tale
222 1829 272 1891 est
286 1824 331 1892 de
356 1844 439 1911 quo
456 1824 678 1911 parentibus
695 1824 829 1890 “nihil
843 1825 956 1892 liceat
973 1823 1045 1890 sibi
1072 1824 1269 1907 remittere,

147 1951 220 2020 nihil
233 1950 346 2017 cuivis
362 1950 566 2019 hominum
579 1951 759 2035 potestati
777 1950 890 2017 liceat
907 1950 1167 2019 detrahere.’'2

633 2126 761 2181 xuvu.

178 2243 408 2313 Vindicanda
435 2245 624 2313 Ecclesiae
650 2252 706 2313 est
724 2246 931 2313 auctoritas
960 2246 1009 2313 ad
1025 2246 1270 2314 directionem

147 2372 324 2440 scholarum
340 2380 531 2460 quantum
551 2374 631 2459 ipse
647 2372 733 2440 finis
753 2372 941 2441 Ecclesiae
966 2375 1144 2460 postulat,
1166 2375 1273 2442 adeo·

148 2520 199 2586 que
219 2500 457 2567 asserendum
486 2505 544 2566 est
567 2500 628 2585 jus
652 2506 690 2567 et
714 2500 875 2567 officium
901 2500 1155 2585 prospiciendi
1185 2501 1273 2568 fidei

46 2604 47 2609 ἵ
148 2631 173 2691 et
194 2624 415 2693 Christianis
443 2625 610 2691 moribus
644 2625 856 2711 juventutis
885 2625 1102 2694 Catholicae
1130 2627 1274 2714 hocque

146 2752 206 2836 ipso
220 2753 374 2820 cavendi
391 2773 437 2820 ne
454 2752 620 2839 pretiosa
637 2752 725 2819 llaec
743 2753 842 2819 bona
863 2772 930 2837 per
946 2751 1067 2854 ipsam
1085 2751 1271 2820 instituti-

146 2898 226 2947 onem
241 2878 278 2945 in
294 2878 438 2960 scholis
455 2881 776 2964 corrumpantur.3

627 3054 769 3107 xtvrlr.

178 3190 251 3259 Nou
266 3198 395 3259 autem
424 3168 638 3277 negandum
655 3198 712 3257 est
728 3191 790 3276 jus
807 3191 988 3276 potestati
1017 3192 1134 3258 laicae
1151 3192 1272 3277 provi-

147 3316 236 3383 dendi
253 3316 492 3385 institutioni
511 3316 551 3382 in
568 3316 707 3383 litteris
725 3337 767 3382 ac
784 3316 953 3383 scientiis
976 3318 1024 3383 ad
1049 3339 1158 3384 suum
1185 3319 1272 3403 legi-

147 3442 257 3511 timum
274 3444 383 3511 finem
401 3450 439 3510 et
456 3442 506 3509 ad
521 3442 658 3509 bonum
677 3441 824 3525 sociale,
842 3463 884 3509 ac
895 3442 1053 3527 proinde
1069 3444 1182 3510 etiam
1202 3463 1275 3510 non

146 3569 332 3653 negandum
361 3567 482 3635 eidem
508 3566 689 3651 potestati
718 3566 837 3633 laicae
864 3567 926 3653 jus
955 3568 1002 3634 ad
1030 3568 1274 3635 directionem

144 3692 330 3761 scholarum
348 3700 532 3779 quantum
550 3691 743 3777 legitimus
761 3692 826 3758 ille
847 3692 932 3759 linis
950 3693 1151 3778 postulat.3

642 3866 752 3921 XLlX.

180 3988 247 4056 The
262 3988 360 4056 facts
376 3987 415 4055 ci
432 3987 579 4072 history
591 3986 639 4052 do
656 4006 762 4071 away
775 3986 867 4053 with
885 3987 949 4055 the
961 3989 1177 4056 accusation
1189 3989 1275 4057 that

148 4112 307 4181 Benedict
325 4113 481 4199 Cajetan
494 4112 687 4179 exercised
713 4132 788 4197 any
806 4112 932 4178 undue
957 4112 1139 4181 intiueuce
1157 4114 1278 4182 either

151 4258 188 4304 on
212 4240 273 4307 the
303 4238 462 4305 election
494 4256 535 4303 or
568 4236 798 4323 resignation
830 4236 870 4303 of
911 4238 962 4303 St.
1001 4238 1185 4305 Celestiue
1227 4240 1273 4307 V.

152 4384 294 4392 -,--,.
319 4382 612 4390 ---.-.,--.ι.---
639 4384 844 4390 ..-.———.-
902 4386 943 4391 -.——
995 4386 1274 4395 —---.-.-

179 4452 239 4504 'Leo
257 4449 428 4503 X111.Euc.
444 4448 611 4501 Immortale
625 4448 690 4501 Dei.

179 4535 241 4587 ’Leo
253 4536 336 4586 xm.
351 4532 423 4588 Eue.
442 4530 542 4597 Officio
554 4532 740 4585 sanctissimo.

186 4617 319 4684 Theologi
332 4613 480 4669 Pontificii
493 4630 575 4667 cone.
590 4617 655 4669 Vat.
695 4615 808 4669 Scirem.
823 4617 857 4669 dc
875 4616 953 4670 Eccl.
969 4625 1023 4670 not
1038 4632 1079 4682 47.
