3125 5317
861 719 905 793 12

812 919 941 973 xxxii.

345 1020 544 1107 Perperam
575 1021 693 1106 igitur
718 1021 808 1109 Max
836 1022 994 1088 Mueller
1016 1022 1230 1106 religionem
1252 1023 1347 1089 dicit
1371 1038 1451 1109 spe·

300 1146 431 1213 cialem
450 1148 639 1232 quandam
666 1147 885 1213 facultatem
904 1168 1059 1234 eamque
1086 1170 1108 1214 a
1124 1169 1235 1215 sensu
1252 1155 1290 1215 et
1306 1150 1452 1216 ratione

233 1252 239 1264 ⁶
301 1271 722 1357 independentem,i1n0
752 1273 875 1339 sensui
904 1281 941 1339 et
968 1274 1107 1340 rationi
1125 1275 1350 1360 quandoque
1367 1294 1451 1342 con·

301 1399 465 1481 trariam,
481 1420 555 1485 qna
574 1400 763 1465 infinitum
782 1401 852 1466 suh
864 1400 1076 1486 aliisatque
1087 1402 1176 1467 aliis
1186 1402 1447 1484 velaminibus

300 1525 531 1609 apprehendi
550 1526 700 1609 possit.1

802 1616 949 1669 Xlllllll.

344 1733 604 1800 Nihilominus
622 1734 660 1800 in
679 1735 865 1819 praesenti
895 1736 1042 1819 generis
1060 1736 1216 1821 humani
1231 1736 1447 1804 conditione

302 1860 601 1945 supernaturalis
627 1860 841 1926 divinorum
870 1860 1125 1928 manifestatio
1152 1862 1362 1929 necessaria
1378 1872 1444 1945 est,

293 1993 342 2051 'ut
359 2006 413 2061 ea,
429 2006 524 2071 quae
543 1986 581 2050 iu
599 1986 708 2052 rebus
725 1986 867 2052 diuinis
884 1986 1071 2054 humanae
1088 1988 1227 2054 rationi
1246 2009 1312 2073 per
1328 2009 1366 2054 se
1384 1989 1448 2054 im·

298 2094 425 2197 pervia
453 2132 526 2177 non
553 2118 651 2191 sunt,
683 2112 729 2177 ab
758 2112 932 2177 omnibus
958 2112 1145 2197 expedite,
1166 2112 1273 2180 firma
1297 2114 1448 2180 certitu·

298 2237 386 2303 dine
403 2242 440 2302 et
457 2237 561 2301 nullo
579 2236 750 2303 admixto
767 2257 889 2303 errore
905 2238 1076 2319 cognosci
1103 2238 1282 2321 possint.2

801 2396 941 2449 xxxiv.

346 2515 526 2580 Absolute
556 2522 680 2581 alitem
711 2514 919 2580 necessaria
947 2522 1004 2580 est
1032 2515 1210 2582 revelatio
1243 2516 1373 2582 divina
1407 2525 1450 2582 ut

299 2639 409 2707 homo
427 2660 644 2725 cognoscere
658 2640 778 2725 possit
790 2641 898 2706 tinem
910 2661 1019 2707 suum
1031 2642 1351 2725 supernaturalem
1366 2662 1449 2726 par-

300 2766 635 2851 ticipationemque
663 2766 845 2831 bonorum
874 2766 1099 2850 divinorum,
1137 2787 1232 2852 quae
1266 2766 1451 2835 humanae

299 2891 435 2957 mentis
462 2890 752 2975 intelligentiam
782 2891 934 2957 omuino
952 2897 1132 2977 superant
1158 2912 1328 2979 qua-eque
1345 2913 1448 2977 prae·

300 3016 450 3111 paravit
467 3016 568 3082 Deus
586 3016 634 3081 iis
652 3016 716 3101 qui
736 3015 904 3101 diligunt
921 3016 1067 3082 lllum.2

815 3175 938 3228 XXXV.

347 3294 453 3361 Hanc
479 3315 564 3361 vero
596 3294 806 3361 doctrinam
836 3317 856 3360 a
884 3295 963 3361 Deo
992 3298 1203 3378 revelatam,
1240 3316 1314 3362 non
1346 3296 1451 3361 velut

301 3420 603 3506 philosophicum
629 3421 823 3487 inventum
850 3421 1079 3505 propositam
1106 3441 1185 3487 esse
1201 3421 1378 3487 humanis
1396 3422 1452 3487 in-

239 3588 242 3595 ,
302 3546 422 3632 geniis
440 3546 714 3631 perficiendam,
736 3546 800 3611 sed
830 3553 1009 3631 tanquam
1037 3546 1207 3612 divinum
1237 3546 1453 3631 depositum

302 3670 442 3739 Christi
472 3690 629 3755 sponsae
654 3670 846 3752 traditam,
867 3677 904 3736 et
930 3692 950 3737 a
970 3672 1155 3738 divinitus
1177 3672 1355 3739 instituto
1373 3693 1454 3739 suc-

302 3796 480 3863 cessionis
497 3796 723 3880 apcstolicae
752 3796 965 3880 magisterio
982 3797 1144 3863 fideliter
1167 3797 1455 3864 custodiendam

302 3929 339 3989 et
365 3922 622 3987 infallibiliter
649 3942 727 3987 esse
751 3922 1026 4006 declarandam,
1063 3924 1204 4008 apertis
1238 3924 1456 4009 Scripturas

303 4047 531 4115 testimoniis
548 4048 857 4115 demonstratura

339 4274 456 4325 ¹⁶‘That
475 4250 587 4340 sadulty
600 4274 704 4333 which.
725 4275 935 4341 independent
958 4276 997 4333 os.
1018 4290 1078 4341 nay
1090 4275 1119 4326 in
1139 4275 1218 4342 spite
1236 4276 1271 4327 os
1285 4290 1373 4328 sense
1393 4279 1457 4331 and

304 4372 419 4417 reason,
435 4358 559 4408 euables
578 4372 646 4408 man
670 4366 701 4409 to
720 4358 896 4424 apprehend
921 4360 972 4410 the
997 4358 1114 4411 infinite
1139 4359 1236 4411 under
1248 4358 1376 4427 varying
1394 4361 1457 4415 dis-

302 4441 434 4507 guises.¹'
472 4440 588 4492 Scicuce
600 4440 638 4505 os
645 4441 790 4505 Reliriou,
806 4444 887 4497 Lect.
905 4457 925 4502 1,
941 4458 969 4507 pi
987 4457 1025 4493 12.

339 4526 438 4576 ’Cone¹
454 4526 520 4575 Vat.
536 4526 646 4585 Consi..
662 4526 723 4577 Dei
734 4525 837 4584 Filius,
853 4542 876 4577 c.
892 4540 914 4576 2.

339 4608 402 4671 “Ib.,
415 4621 440 4671 4.
