<?xml version="1.0" encoding="UTF-8"?>
<!DOCTYPE html PUBLIC "-//W3C//DTD XHTML 1.0 Transitional//EN"
    "http://www.w3.org/TR/xhtml1/DTD/xhtml1-transitional.dtd">
<html xmlns="http://www.w3.org/1999/xhtml" xml:lang="en" lang="en">
 <head>
  <title>
</title>
<meta http-equiv="Content-Type" content="text/html;charset=utf-8" />
  <meta name='ocr-system' content='tesseract 3.04.00' />
  <meta name='ocr-capabilities' content='ocr_page ocr_carea ocr_par ocr_line ocrx_word'/>
</head>
<body>
  <div class='ocr_page' id='page_1' title='image "./thesesadlicenti00amergoog_0398.png"; bbox 0 0 3125 5317; ppageno 0'>
   <div class='ocr_carea' id='block_1_1' title="bbox 0 20 416 4780">
    <p class='ocr_par' dir='ltr' id='par_1_1' title="bbox 0 20 416 4780">
     <span class='ocr_line' id='line_1_1' title="bbox 0 20 416 4780; baseline 0 0"><span class='ocrx_word' id='word_1_1' title='bbox 0 20 416 4780; x_wconf 95' lang='lat' dir='ltr'><strong> </strong></span> 
     </span>
    </p>
   </div>
   <div class='ocr_carea' id='block_1_2' title="bbox 993 568 3123 823">
    <p class='ocr_par' dir='ltr' id='par_1_2' title="bbox 993 568 3123 823">
     <span class='ocr_line' id='line_1_2' title="bbox 2117 568 2157 630; baseline 0 0"><span class='ocrx_word' id='word_1_2' title='bbox 2117 568 2157 630; x_wconf 87' lang='grc'><strong>6</strong></span> 
     </span>
     <span class='ocr_line' id='line_1_3' title="bbox 993 736 3123 823; baseline -0.003 -16"><span class='ocrx_word' id='word_1_3' title='bbox 993 741 1380 823; x_wconf 88' lang='lat' dir='ltr'><strong>malorum,</strong></span> <span class='ocrx_word' id='word_1_4' title='bbox 1420 739 1729 806; x_wconf 87' lang='lat' dir='ltr'><strong>inventa</strong></span> <span class='ocrx_word' id='word_1_5' title='bbox 1760 738 1938 807; x_wconf 85' lang='lat' dir='ltr'><strong>vitae</strong></span> <span class='ocrx_word' id='word_1_6' title='bbox 1970 739 2095 806; x_wconf 86' lang='lat' dir='ltr'><strong>via</strong></span> <span class='ocrx_word' id='word_1_7' title='bbox 2118 742 2253 822; x_wconf 90' lang='lat' dir='ltr'><strong>est,</strong></span> <span class='ocrx_word' id='word_1_8' title='bbox 2283 736 2921 823; x_wconf 78' lang='lat' dir='ltr'><strong>conformatioque</strong></span> <span class='ocrx_word' id='word_1_9' title='bbox 2952 755 3123 803; x_wconf 99' lang='lat' dir='ltr'><strong>omn</strong></span> 
     </span>
    </p>
   </div>
   <div class='ocr_carea' id='block_1_3' title="bbox 991 848 3077 996">
    <p class='ocr_par' dir='ltr' id='par_1_3' title="bbox 991 848 3077 996">
     <span class='ocr_line' id='line_1_4' title="bbox 991 848 1418 915; baseline -0.005 0"><span class='ocrx_word' id='word_1_10' title='bbox 991 848 1418 915; x_wconf 87' lang='lat' dir='ltr'><strong>officiorum.</strong></span> 
     </span>
     <span class='ocr_line' id='line_1_5' title="bbox 2364 934 3077 996; baseline -0.001 -8"><span class='ocrx_word' id='word_1_11' title='bbox 2364 936 2593 996; x_wconf 71' lang='lat' dir='ltr'><strong>Tullius,</strong></span> <span class='ocrx_word' id='word_1_12' title='bbox 2631 935 2713 987; x_wconf 77' lang='lat' dir='ltr'><strong>Do</strong></span> <span class='ocrx_word' id='word_1_13' title='bbox 2749 935 2879 988; x_wconf 59' lang='lat' dir='ltr'><strong>Fvn.</strong></span> <span class='ocrx_word' id='word_1_14' title='bbox 2932 934 2989 988; x_wconf 82' lang='lat' dir='ltr'><strong>V.</strong></span> <span class='ocrx_word' id='word_1_15' title='bbox 3030 935 3077 988; x_wconf 77' lang='lat'><strong>6.</strong></span> 
     </span>
    </p>
   </div>
   <div class='ocr_carea' id='block_1_4' title="bbox 2094 1023 2167 1071">
    <p class='ocr_par' dir='ltr' id='par_1_4' title="bbox 2094 1023 2167 1071">
     <span class='ocr_line' id='line_1_6' title="bbox 2094 1023 2167 1071; baseline 0 0"><span class='ocrx_word' id='word_1_16' title='bbox 2094 1023 2167 1071; x_wconf 88' lang='lat' dir='ltr'><strong>X.</strong></span> 
     </span>
    </p>
   </div>
   <div class='ocr_carea' id='block_1_5' title="bbox 987 1126 3125 2181">
    <p class='ocr_par' dir='ltr' id='par_1_5' title="bbox 992 1126 3125 1324">
     <span class='ocr_line' id='line_1_7' title="bbox 1081 1126 3125 1214; baseline -0 -19"><span class='ocrx_word' id='word_1_17' title='bbox 1081 1128 1293 1197; x_wconf 84' lang='lat' dir='ltr'>Finis</span> <span class='ocrx_word' id='word_1_18' title='bbox 1314 1129 1633 1197; x_wconf 91' lang='lat' dir='ltr'><strong>ultimus</strong></span> <span class='ocrx_word' id='word_1_19' title='bbox 1655 1128 1979 1197; x_wconf 90' lang='lat' dir='ltr'><strong>hominis</strong></span> <span class='ocrx_word' id='word_1_20' title='bbox 2005 1134 2120 1197; x_wconf 89' lang='lat' dir='ltr'><strong>est</strong></span> <span class='ocrx_word' id='word_1_21' title='bbox 2153 1128 2358 1196; x_wconf 91' lang='lat' dir='ltr'><strong>Deus</strong></span> <span class='ocrx_word' id='word_1_22' title='bbox 2378 1134 2537 1195; x_wconf 88' lang='lat' dir='ltr'><strong>tum</strong></span> <span class='ocrx_word' id='word_1_23' title='bbox 2561 1126 3093 1214; x_wconf 86' lang='lat' dir='ltr'><strong>glorificandus</strong></span> <span class='ocrx_word' id='word_1_24' title='bbox 3118 1147 3125 1156; x_wconf 68' lang='lat'><strong>⁴</strong></span> 
     </span>
     <span class='ocr_line' id='line_1_8' title="bbox 992 1237 1763 1324; baseline 0 -20"><span class='ocrx_word' id='word_1_25' title='bbox 992 1238 1210 1306; x_wconf 88' lang='lat' dir='ltr'><strong>beate</strong></span> <span class='ocrx_word' id='word_1_26' title='bbox 1242 1237 1763 1324; x_wconf 86' lang='lat' dir='ltr'><strong>possidendus.</strong></span> 
     </span>
    </p>

    <p class='ocr_par' dir='ltr' id='par_1_6' title="bbox 2093 1346 2201 1395">
     <span class='ocr_line' id='line_1_9' title="bbox 2093 1346 2201 1395; baseline -0.019 1"><span class='ocrx_word' id='word_1_27' title='bbox 2093 1346 2201 1395; x_wconf 83' lang='lat' dir='ltr'><strong>XI.</strong></span> 
     </span>
    </p>

    <p class='ocr_par' dir='ltr' id='par_1_7' title="bbox 987 1451 3125 2181">
     <span class='ocr_line' id='line_1_10' title="bbox 1082 1451 3125 1542; baseline -0.002 -21"><span class='ocrx_word' id='word_1_28' title='bbox 1082 1453 1287 1521; x_wconf 86' lang='lat' dir='ltr'><strong>Haec</strong></span> <span class='ocrx_word' id='word_1_29' title='bbox 1321 1453 1464 1522; x_wconf 91' lang='lat' dir='ltr'><strong>Dei</strong></span> <span class='ocrx_word' id='word_1_30' title='bbox 1496 1454 1739 1542; x_wconf 87' lang='lat' dir='ltr'><strong>gloria</strong></span> <span class='ocrx_word' id='word_1_31' title='bbox 1771 1459 1847 1522; x_wconf 89' lang='lat' dir='ltr'><strong>et</strong></span> <span class='ocrx_word' id='word_1_32' title='bbox 1901 1453 2229 1522; x_wconf 88' lang='lat' dir='ltr'><strong>hominis</strong></span> <span class='ocrx_word' id='word_1_33' title='bbox 2279 1452 2608 1521; x_wconf 87' lang='lat' dir='ltr'><strong>felicitas</strong></span> <span class='ocrx_word' id='word_1_34' title='bbox 2661 1452 2926 1519; x_wconf 90' lang='lat' dir='ltr'><strong>intime</strong></span> <span class='ocrx_word' id='word_1_35' title='bbox 2959 1451 3125 1519; x_wconf 89' lang='lat' dir='ltr'><strong>inte:</strong></span> 
     </span>
     <span class='ocr_line' id='line_1_11' title="bbox 993 1560 3125 1648; baseline -0 -21"><span class='ocrx_word' id='word_1_36' title='bbox 993 1567 1574 1629; x_wconf 89' lang='lat' dir='ltr'><strong>connectuntur:</strong></span> <span class='ocrx_word' id='word_1_37' title='bbox 1660 1568 1708 1600; x_wconf 86' lang='lat'>“</span> <span class='ocrx_word' id='word_1_38' title='bbox 1734 1562 1813 1629; x_wconf 88' lang='lat' dir='ltr'><strong>Si</strong></span> <span class='ocrx_word' id='word_1_39' title='bbox 1860 1568 2111 1629; x_wconf 90' lang='lat' dir='ltr'><strong>tamen</strong></span> <span class='ocrx_word' id='word_1_40' title='bbox 2173 1561 2266 1629; x_wconf 86' lang='lat' dir='ltr'><strong>de</strong></span> <span class='ocrx_word' id='word_1_41' title='bbox 2328 1561 2724 1648; x_wconf 88' lang='lat' dir='ltr'><strong>utriusque</strong></span> <span class='ocrx_word' id='word_1_42' title='bbox 2787 1560 2957 1627; x_wconf 93' lang='lat' dir='ltr'><strong>finis</strong></span> <span class='ocrx_word' id='word_1_43' title='bbox 3017 1560 3125 1627; x_wconf 68' lang='lat' dir='ltr'><strong>or&lt;</strong></span> 
     </span>
     <span class='ocr_line' id='line_1_12' title="bbox 990 1669 3125 1755; baseline -0.001 -19"><span class='ocrx_word' id='word_1_44' title='bbox 990 1670 1400 1755; x_wconf 90' lang='lat' dir='ltr'><strong>quaeritur,</strong></span> <span class='ocrx_word' id='word_1_45' title='bbox 1461 1669 1862 1737; x_wconf 86' lang='lat' dir='ltr'><strong>dicendum</strong></span> <span class='ocrx_word' id='word_1_46' title='bbox 1913 1676 2047 1753; x_wconf 90' lang='lat' dir='ltr'><strong>est,</strong></span> <span class='ocrx_word' id='word_1_47' title='bbox 2112 1669 2463 1737; x_wconf 88' lang='lat' dir='ltr'><strong>ult-imum</strong></span> <span class='ocrx_word' id='word_1_48' title='bbox 2528 1669 2775 1755; x_wconf 92' lang='lat' dir='ltr'><strong>operis</strong></span> <span class='ocrx_word' id='word_1_49' title='bbox 2839 1669 3057 1736; x_wconf 91' lang='lat' dir='ltr'><strong>finem</strong></span> <span class='ocrx_word' id='word_1_50' title='bbox 3124 1705 3125 1719; x_wconf 33' lang='grc' dir='ltr'><strong>κ</strong></span> 
     </span>
     <span class='ocr_line' id='line_1_13' title="bbox 991 1777 3103 1869; baseline 0 -26"><span class='ocrx_word' id='word_1_51' title='bbox 991 1777 1132 1845; x_wconf 89' lang='lat' dir='ltr'><strong>Dei</strong></span> <span class='ocrx_word' id='word_1_52' title='bbox 1167 1778 1505 1864; x_wconf 83' lang='lat' dir='ltr'><strong>gloriam,</strong></span> <span class='ocrx_word' id='word_1_53' title='bbox 1549 1779 1643 1846; x_wconf 86' lang='lat' dir='ltr'><strong>ad</strong></span> <span class='ocrx_word' id='word_1_54' title='bbox 1700 1799 1923 1866; x_wconf 87' lang='lat' dir='ltr'><strong>quam</strong></span> <span class='ocrx_word' id='word_1_55' title='bbox 1976 1779 2202 1869; x_wconf 86' lang='lat' dir='ltr'><strong>etiam</strong></span> <span class='ocrx_word' id='word_1_56' title='bbox 2256 1798 2497 1845; x_wconf 89' lang='lat' dir='ltr'><strong>rerum</strong></span> <span class='ocrx_word' id='word_1_57' title='bbox 2551 1782 2967 1845; x_wconf 87' lang='lat' dir='ltr'><strong>creatarum</strong></span> <span class='ocrx_word' id='word_1_58' title='bbox 3024 1781 3103 1844; x_wconf 91' lang='lat' dir='ltr'><strong>et</strong></span> 
     </span>
     <span class='ocr_line' id='line_1_14' title="bbox 990 1885 3125 1972; baseline 0 -20"><span class='ocrx_word' id='word_1_59' title='bbox 990 1885 1316 1972; x_wconf 86' lang='lat' dir='ltr'><strong>gillatim</strong></span> <span class='ocrx_word' id='word_1_60' title='bbox 1352 1886 1682 1954; x_wconf 92' lang='lat' dir='ltr'><strong>hominis</strong></span> <span class='ocrx_word' id='word_1_61' title='bbox 1715 1886 2042 1954; x_wconf 89' lang='lat' dir='ltr'><strong>felicitas</strong></span> <span class='ocrx_word' id='word_1_62' title='bbox 2093 1885 2482 1953; x_wconf 88' lang='lat' dir='ltr'><strong>referatur.</strong></span> <span class='ocrx_word' id='word_1_63' title='bbox 2588 1885 2730 1953; x_wconf 91' lang='lat' dir='ltr'><strong>Dei</strong></span> <span class='ocrx_word' id='word_1_64' title='bbox 2780 1885 2976 1953; x_wconf 93' lang='lat' dir='ltr'><strong>enim</strong></span> <span class='ocrx_word' id='word_1_65' title='bbox 3009 1885 3125 1972; x_wconf 88' lang='lat' dir='ltr'><strong>glc</strong></span> 
     </span>
     <span class='ocr_line' id='line_1_15' title="bbox 989 1993 3125 2080; baseline 0 -21"><span class='ocrx_word' id='word_1_66' title='bbox 989 2014 1222 2080; x_wconf 90' lang='lat' dir='ltr'><strong>quum</strong></span> <span class='ocrx_word' id='word_1_67' title='bbox 1255 2000 1519 2080; x_wconf 78' lang='lat' dir='ltr'><strong>utpote</strong></span> <span class='ocrx_word' id='word_1_68' title='bbox 1553 1994 1793 2062; x_wconf 88' lang='lat' dir='ltr'><strong>Deum</strong></span> <span class='ocrx_word' id='word_1_69' title='bbox 1830 1993 2237 2079; x_wconf 82' lang='lat' dir='ltr'>respiciens</span> <span class='ocrx_word' id='word_1_70' title='bbox 2270 1994 2563 2062; x_wconf 89' lang='lat' dir='ltr'><strong>altioris</strong></span> <span class='ocrx_word' id='word_1_71' title='bbox 2598 1994 2704 2061; x_wconf 88' lang='lat' dir='ltr'><strong>sit</strong></span> <span class='ocrx_word' id='word_1_72' title='bbox 2735 1993 3022 2060; x_wconf 83' lang='lat' dir='ltr'><strong>ordinis</strong></span> <span class='ocrx_word' id='word_1_73' title='bbox 3056 2011 3125 2079; x_wconf 69' lang='lat' dir='ltr'><strong>ql</strong></span> 
     </span>
     <span class='ocr_line' id='line_1_16' title="bbox 987 2101 3125 2181; baseline -0 -13"><span class='ocrx_word' id='word_1_74' title='bbox 987 2101 1313 2170; x_wconf 92' lang='lat' dir='ltr'><strong>hominis</strong></span> <span class='ocrx_word' id='word_1_75' title='bbox 1376 2102 1726 2181; x_wconf 74' lang='lat' dir='ltr'><strong>felicitas,</strong></span> <span class='ocrx_word' id='word_1_76' title='bbox 1818 2102 2009 2169; x_wconf 89' lang='lat' dir='ltr'><strong>hanc</strong></span> <span class='ocrx_word' id='word_1_77' title='bbox 2092 2102 2237 2169; x_wconf 91' lang='lat' dir='ltr'><strong>sibi</strong></span> <span class='ocrx_word' id='word_1_78' title='bbox 2309 2102 2754 2170; x_wconf 84' lang='lat' dir='ltr'><strong>submissam</strong></span> <span class='ocrx_word' id='word_1_79' title='bbox 2820 2102 3125 2169; x_wconf 85' lang='lat' dir='ltr'><strong>subserv</strong></span> 
     </span>
    </p>
   </div>
   <div class='ocr_carea' id='block_1_6' title="bbox 987 2211 3079 2390">
    <p class='ocr_par' dir='ltr' id='par_1_8' title="bbox 987 2211 3079 2390">
     <span class='ocr_line' id='line_1_17' title="bbox 987 2211 1961 2298; baseline 0.002 -22"><span class='ocrx_word' id='word_1_80' title='bbox 987 2215 1286 2298; x_wconf 87' lang='lat' dir='ltr'><strong>temque</strong></span> <span class='ocrx_word' id='word_1_81' title='bbox 1332 2212 1627 2295; x_wconf 84' lang='lat' dir='ltr'><strong>habeat,</strong></span> <span class='ocrx_word' id='word_1_82' title='bbox 1669 2211 1961 2278; x_wconf 85' lang='lat' dir='ltr'><strong>decet.’&#39;</strong></span> 
     </span>
     <span class='ocr_line' id='line_1_18' title="bbox 2054 2316 3079 2390; baseline -0.002 -19"><span class='ocrx_word' id='word_1_83' title='bbox 2054 2318 2211 2372; x_wconf 80' lang='lat' dir='ltr'><strong>Oonc.</strong></span> <span class='ocrx_word' id='word_1_84' title='bbox 2243 2318 2401 2370; x_wconf 83' lang='lat' dir='ltr'><strong>Prov.</strong></span> <span class='ocrx_word' id='word_1_85' title='bbox 2436 2319 2618 2390; x_wconf 62' lang='grc' dir='ltr'><strong>Οοῲη.</strong></span> <span class='ocrx_word' id='word_1_86' title='bbox 2694 2317 2759 2369; x_wconf 90' lang='grc' dir='ltr'><strong>Ρ.</strong></span> <span class='ocrx_word' id='word_1_87' title='bbox 2790 2317 2838 2369; x_wconf 91' lang='grc'><strong>1.</strong></span> <span class='ocrx_word' id='word_1_88' title='bbox 2873 2317 2929 2370; x_wconf 82' lang='grc'><strong>0.</strong></span> <span class='ocrx_word' id='word_1_89' title='bbox 2960 2316 3079 2369; x_wconf 88' lang='grc' dir='ltr'><em>ΙΙΙ.</em></span> 
     </span>
    </p>
   </div>
   <div class='ocr_carea' id='block_1_7' title="bbox 2065 2454 2207 2502">
    <p class='ocr_par' dir='ltr' id='par_1_9' title="bbox 2065 2454 2207 2502">
     <span class='ocr_line' id='line_1_19' title="bbox 2065 2454 2207 2502; baseline -0.014 0"><span class='ocrx_word' id='word_1_90' title='bbox 2065 2454 2207 2502; x_wconf 90' lang='lat' dir='ltr'>XII.</span> 
     </span>
    </p>
   </div>
   <div class='ocr_carea' id='block_1_8' title="bbox 986 2559 3125 3620">
    <p class='ocr_par' dir='ltr' id='par_1_10' title="bbox 986 2559 3125 3080">
     <span class='ocr_line' id='line_1_20' title="bbox 1081 2559 3125 2647; baseline 0 -23"><span class='ocrx_word' id='word_1_91' title='bbox 1081 2559 1294 2626; x_wconf 86' lang='lat' dir='ltr'><strong>Finis</strong></span> <span class='ocrx_word' id='word_1_92' title='bbox 1346 2560 1596 2626; x_wconf 87' lang='lat' dir='ltr'><strong>ultimi</strong></span> <span class='ocrx_word' id='word_1_93' title='bbox 1663 2560 2089 2627; x_wconf 84' lang='lat' dir='ltr'><strong>consecutio</strong></span> <span class='ocrx_word' id='word_1_94' title='bbox 2152 2566 2312 2626; x_wconf 89' lang='lat' dir='ltr'><strong>tum</strong></span> <span class='ocrx_word' id='word_1_95' title='bbox 2365 2559 2615 2647; x_wconf 84' lang='lat' dir='ltr'><strong>quoad</strong></span> <span class='ocrx_word' id='word_1_96' title='bbox 2694 2559 2836 2626; x_wconf 89' lang='lat' dir='ltr'><strong>Dei</strong></span> <span class='ocrx_word' id='word_1_97' title='bbox 2916 2559 3125 2646; x_wconf 84' lang='lat' dir='ltr'><strong>glori:</strong></span> 
     </span>
     <span class='ocr_line' id='line_1_21' title="bbox 992 2667 3125 2765; baseline -0.001 -32"><span class='ocrx_word' id='word_1_98' title='bbox 992 2667 1270 2765; x_wconf 80' lang='lat' dir='ltr'><strong>tionem</strong></span> <span class='ocrx_word' id='word_1_99' title='bbox 1329 2674 1490 2734; x_wconf 85' lang='lat' dir='ltr'><strong>tum</strong></span> <span class='ocrx_word' id='word_1_100' title='bbox 1549 2669 1799 2755; x_wconf 84' lang='lat' dir='ltr'><strong>quoad</strong></span> <span class='ocrx_word' id='word_1_101' title='bbox 1850 2667 2177 2735; x_wconf 91' lang='lat' dir='ltr'><strong>hominis</strong></span> <span class='ocrx_word' id='word_1_102' title='bbox 2229 2667 2672 2735; x_wconf 84' lang='lat' dir='ltr'><strong>felicitatem</strong></span> <span class='ocrx_word' id='word_1_103' title='bbox 2707 2688 2854 2734; x_wconf 90' lang='lat' dir='ltr'><strong>non</strong></span> <span class='ocrx_word' id='word_1_104' title='bbox 2888 2674 3003 2735; x_wconf 91' lang='lat' dir='ltr'><strong>est</strong></span> <span class='ocrx_word' id='word_1_105' title='bbox 3051 2667 3125 2733; x_wconf 57' lang='lat' dir='ltr'><strong>h]</strong></span> 
     </span>
     <span class='ocr_line' id='line_1_22' title="bbox 986 2775 3125 2863; baseline 0.001 -23"><span class='ocrx_word' id='word_1_106' title='bbox 986 2775 1187 2843; x_wconf 84' lang='lat' dir='ltr'><strong>vitae</strong></span> <span class='ocrx_word' id='word_1_107' title='bbox 1221 2776 1351 2843; x_wconf 87' lang='lat' dir='ltr'><strong>sed</strong></span> <span class='ocrx_word' id='word_1_108' title='bbox 1386 2777 1700 2844; x_wconf 86' lang='lat' dir='ltr'><strong>alterius</strong></span> <span class='ocrx_word' id='word_1_109' title='bbox 1744 2783 2041 2843; x_wconf 87' lang='lat' dir='ltr'><strong>tantum</strong></span> <span class='ocrx_word' id='word_1_110' title='bbox 2076 2801 2092 2859; x_wconf 94' lang='lat'>;</span> <span class='ocrx_word' id='word_1_111' title='bbox 2142 2796 2493 2863; x_wconf 86' lang='lat' dir='ltr'><strong>praesens</strong></span> <span class='ocrx_word' id='word_1_112' title='bbox 2543 2777 2743 2844; x_wconf 92' lang='lat' dir='ltr'><strong>enim</strong></span> <span class='ocrx_word' id='word_1_113' title='bbox 2795 2777 2955 2844; x_wconf 84' lang='lat' dir='ltr'><strong>vita</strong></span> <span class='ocrx_word' id='word_1_114' title='bbox 2987 2797 3125 2844; x_wconf 84' lang='lat' dir='ltr'><strong>non</strong></span> 
     </span>
     <span class='ocr_line' id='line_1_23' title="bbox 988 2884 3125 2971; baseline -0.002 -21"><span class='ocrx_word' id='word_1_115' title='bbox 988 2890 1232 2951; x_wconf 86' lang='lat' dir='ltr'><strong>status</strong></span> <span class='ocrx_word' id='word_1_116' title='bbox 1288 2884 1791 2970; x_wconf 78' lang='lat' dir='ltr'><strong>perfectioniS,</strong></span> <span class='ocrx_word' id='word_1_117' title='bbox 1826 2886 1956 2952; x_wconf 85' lang='lat' dir='ltr'><strong>sed</strong></span> <span class='ocrx_word' id='word_1_118' title='bbox 1988 2885 2585 2971; x_wconf 86' lang='lat' dir='ltr'><strong>praeparationis</strong></span> <span class='ocrx_word' id='word_1_119' title='bbox 2619 2890 2695 2953; x_wconf 90' lang='lat' dir='ltr'><strong>et</strong></span> <span class='ocrx_word' id='word_1_120' title='bbox 2727 2884 3125 2953; x_wconf 67' lang='lat' dir='ltr'><strong>tendentia«</strong></span> 
     </span>
     <span class='ocr_line' id='line_1_24' title="bbox 991 2992 1545 3080; baseline -0.002 -20"><span class='ocrx_word' id='word_1_121' title='bbox 991 2992 1545 3080; x_wconf 87' lang='lat' dir='ltr'><strong>perfectionem.</strong></span> 
     </span>
    </p>

    <p class='ocr_par' dir='ltr' id='par_1_11' title="bbox 2049 3103 2226 3152">
     <span class='ocr_line' id='line_1_25' title="bbox 2049 3103 2226 3152; baseline 0 -1"><span class='ocrx_word' id='word_1_122' title='bbox 2049 3103 2226 3152; x_wconf 82' lang='lat' dir='ltr'>XIII.</span> 
     </span>
    </p>

    <p class='ocr_par' dir='ltr' id='par_1_12' title="bbox 992 3209 3125 3620">
     <span class='ocr_line' id='line_1_26' title="bbox 1084 3209 3125 3297; baseline 0.001 -22"><span class='ocrx_word' id='word_1_123' title='bbox 1084 3209 1425 3277; x_wconf 87' lang='lat' dir='ltr'><strong>Formale</strong></span> <span class='ocrx_word' id='word_1_124' title='bbox 1457 3210 1647 3297; x_wconf 87' lang='lat' dir='ltr'><strong>legis</strong></span> <span class='ocrx_word' id='word_1_125' title='bbox 1669 3211 1974 3277; x_wconf 86' lang='lat' dir='ltr'><strong>moralis</strong></span> <span class='ocrx_word' id='word_1_126' title='bbox 1994 3211 2439 3277; x_wconf 90' lang='lat' dir='ltr'><strong>elementum</strong></span> <span class='ocrx_word' id='word_1_127' title='bbox 2474 3216 2589 3278; x_wconf 90' lang='lat' dir='ltr'><strong>est</strong></span> <span class='ocrx_word' id='word_1_128' title='bbox 2611 3210 2975 3297; x_wconf 88' lang='lat' dir='ltr'><strong>obligatio</strong></span> <span class='ocrx_word' id='word_1_129' title='bbox 2995 3230 3125 3277; x_wconf 91' lang='lat' dir='ltr'><strong>seu</strong></span> 
     </span>
     <span class='ocr_line' id='line_1_27' title="bbox 995 3318 3125 3405; baseline 0.001 -20"><span class='ocrx_word' id='word_1_130' title='bbox 995 3319 1243 3385; x_wconf 87' lang='lat' dir='ltr'><strong>soluta</strong></span> <span class='ocrx_word' id='word_1_131' title='bbox 1276 3318 1681 3385; x_wconf 88' lang='lat' dir='ltr'><strong>necessitas</strong></span> <span class='ocrx_word' id='word_1_132' title='bbox 1715 3318 1986 3405; x_wconf 87' lang='lat' dir='ltr'><strong>agendi</strong></span> <span class='ocrx_word' id='word_1_133' title='bbox 2021 3318 2345 3385; x_wconf 85' lang='lat' dir='ltr'><strong>fundata</strong></span> <span class='ocrx_word' id='word_1_134' title='bbox 2393 3339 2541 3385; x_wconf 90' lang='lat' dir='ltr'><strong>non</strong></span> <span class='ocrx_word' id='word_1_135' title='bbox 2574 3324 2868 3386; x_wconf 88' lang='lat' dir='ltr'><strong>tantum</strong></span> <span class='ocrx_word' id='word_1_136' title='bbox 2905 3318 2980 3385; x_wconf 93' lang='lat' dir='ltr'><strong>in</strong></span> <span class='ocrx_word' id='word_1_137' title='bbox 3017 3318 3125 3387; x_wconf 68' lang='lat' dir='ltr'><strong>ini</strong></span> 
     </span>
     <span class='ocr_line' id='line_1_28' title="bbox 997 3426 3125 3494; baseline 0 -1"><span class='ocrx_word' id='word_1_138' title='bbox 997 3447 1164 3494; x_wconf 88' lang='lat' dir='ltr'><strong>seca</strong></span> <span class='ocrx_word' id='word_1_139' title='bbox 1217 3426 1739 3493; x_wconf 87' lang='lat' dir='ltr'><strong>convenientia</strong></span> <span class='ocrx_word' id='word_1_140' title='bbox 1794 3426 2164 3494; x_wconf 83' lang='lat' dir='ltr'><strong>humanae</strong></span> <span class='ocrx_word' id='word_1_141' title='bbox 2198 3433 2514 3494; x_wconf 85' lang='lat' dir='ltr'><strong>naturae</strong></span> <span class='ocrx_word' id='word_1_142' title='bbox 2547 3431 2624 3494; x_wconf 90' lang='lat' dir='ltr'><strong>et</strong></span> <span class='ocrx_word' id='word_1_143' title='bbox 2674 3426 2753 3492; x_wconf 91' lang='lat' dir='ltr'><strong>in</strong></span> <span class='ocrx_word' id='word_1_144' title='bbox 2804 3447 3047 3494; x_wconf 93' lang='lat' dir='ltr'><strong>rerum</strong></span> <span class='ocrx_word' id='word_1_145' title='bbox 3104 3447 3125 3494; x_wconf 87' lang='lat'>1</span> 
     </span>
     <span class='ocr_line' id='line_1_29' title="bbox 992 3534 2136 3620; baseline 0 -20"><span class='ocrx_word' id='word_1_146' title='bbox 992 3534 1196 3601; x_wconf 90' lang='lat' dir='ltr'><strong>tione</strong></span> <span class='ocrx_word' id='word_1_147' title='bbox 1229 3534 1359 3601; x_wconf 87' lang='lat' dir='ltr'><strong>sed</strong></span> <span class='ocrx_word' id='word_1_148' title='bbox 1392 3534 1471 3600; x_wconf 92' lang='lat' dir='ltr'><strong>in</strong></span> <span class='ocrx_word' id='word_1_149' title='bbox 1505 3534 1822 3620; x_wconf 91' lang='lat' dir='ltr'><strong>imperio</strong></span> <span class='ocrx_word' id='word_1_150' title='bbox 1856 3535 2136 3603; x_wconf 85' lang='lat' dir='ltr'><strong>divino.</strong></span> 
     </span>
    </p>
   </div>
   <div class='ocr_carea' id='block_1_9' title="bbox 2063 3679 2229 3727">
    <p class='ocr_par' dir='ltr' id='par_1_13' title="bbox 2063 3679 2229 3727">
     <span class='ocr_line' id='line_1_30' title="bbox 2063 3679 2229 3727; baseline 0 -1"><span class='ocrx_word' id='word_1_151' title='bbox 2063 3679 2229 3727; x_wconf 87' lang='lat' dir='ltr'>XIV.</span> 
     </span>
    </p>
   </div>
   <div class='ocr_carea' id='block_1_10' title="bbox 993 3783 3125 3979">
    <p class='ocr_par' dir='ltr' id='par_1_14' title="bbox 993 3783 3125 3979">
     <span class='ocr_line' id='line_1_31' title="bbox 1086 3783 3125 3869; baseline 0.001 -19"><span class='ocrx_word' id='word_1_152' title='bbox 1086 3783 1305 3850; x_wconf 87' lang='lat' dir='ltr'><strong>Nulli</strong></span> <span class='ocrx_word' id='word_1_153' title='bbox 1339 3783 1739 3851; x_wconf 87' lang='lat' dir='ltr'><strong>sufficienti</strong></span> <span class='ocrx_word' id='word_1_154' title='bbox 1789 3784 2068 3852; x_wconf 87' lang='lat' dir='ltr'><strong>rationi</strong></span> <span class='ocrx_word' id='word_1_155' title='bbox 2120 3784 2465 3851; x_wconf 84' lang='lat' dir='ltr'><strong>innixum</strong></span> <span class='ocrx_word' id='word_1_156' title='bbox 2523 3788 2639 3851; x_wconf 90' lang='lat' dir='ltr'><strong>est</strong></span> <span class='ocrx_word' id='word_1_157' title='bbox 2693 3790 3026 3869; x_wconf 81' lang='lat' dir='ltr'><strong>systema</strong></span> <span class='ocrx_word' id='word_1_158' title='bbox 3077 3805 3125 3852; x_wconf 90' lang='lat' dir='ltr'><strong>a</strong></span> 
     </span>
     <span class='ocr_line' id='line_1_32' title="bbox 993 3892 2564 3979; baseline 0 -21"><span class='ocrx_word' id='word_1_159' title='bbox 993 3892 1284 3960; x_wconf 89' lang='lat' dir='ltr'><strong>nomiae</strong></span> <span class='ocrx_word' id='word_1_160' title='bbox 1317 3892 1636 3960; x_wconf 88' lang='lat' dir='ltr'><strong>rationis</strong></span> <span class='ocrx_word' id='word_1_161' title='bbox 1671 3913 1715 3959; x_wconf 98' lang='lat' dir='ltr'><strong>a</strong></span> <span class='ocrx_word' id='word_1_162' title='bbox 1760 3892 2041 3960; x_wconf 89' lang='lat' dir='ltr'><strong>Kantio</strong></span> <span class='ocrx_word' id='word_1_163' title='bbox 2074 3893 2564 3979; x_wconf 89' lang='lat' dir='ltr'><strong>propositum.</strong></span> 
     </span>
    </p>
   </div>
   <div class='ocr_carea' id='block_1_11' title="bbox 2070 4053 2206 4101">
    <p class='ocr_par' dir='ltr' id='par_1_15' title="bbox 2070 4053 2206 4101">
     <span class='ocr_line' id='line_1_33' title="bbox 2070 4053 2206 4101; baseline 0.007 -1"><span class='ocrx_word' id='word_1_164' title='bbox 2070 4053 2206 4101; x_wconf 86' lang='lat' dir='ltr'><strong>XV.</strong></span> 
     </span>
    </p>
   </div>
   <div class='ocr_carea' id='block_1_12' title="bbox 995 4138 3123 4483">
    <p class='ocr_par' dir='ltr' id='par_1_16' title="bbox 995 4138 3123 4483">
     <span class='ocr_line' id='line_1_34' title="bbox 1091 4138 3123 4244; baseline 0.001 -20"><span class='ocrx_word' id='word_1_165' title='bbox 1091 4158 1515 4243; x_wconf 81' lang='lat' dir='ltr'><strong>Systemata</strong></span> <span class='ocrx_word' id='word_1_166' title='bbox 1548 4159 1800 4227; x_wconf 90' lang='lat' dir='ltr'><strong>ethica</strong></span> <span class='ocrx_word' id='word_1_167' title='bbox 1822 4179 1868 4227; x_wconf 89' lang='lat' dir='ltr'><strong>a</strong></span> <span class='ocrx_word' id='word_1_168' title='bbox 1900 4159 1971 4226; x_wconf 86' lang='lat' dir='ltr'><strong>J.</strong></span> <span class='ocrx_word' id='word_1_169' title='bbox 2017 4159 2278 4226; x_wconf 87' lang='lat' dir='ltr'><strong>Stuart</strong></span> <span class='ocrx_word' id='word_1_170' title='bbox 2310 4159 2518 4225; x_wconf 81' lang='grc' dir='ltr'><strong>Μί111</strong></span> <span class='ocrx_word' id='word_1_171' title='bbox 2547 4138 2750 4227; x_wconf 55' lang='grc' dir='ltr'>θίςάὶ)</span> <span class='ocrx_word' id='word_1_172' title='bbox 2784 4159 2879 4226; x_wconf 87' lang='grc' dir='ltr'><strong>Η.</strong></span> <span class='ocrx_word' id='word_1_173' title='bbox 2924 4159 3123 4244; x_wconf 89' lang='lat' dir='ltr'><strong>Spen</strong></span> 
     </span>
     <span class='ocr_line' id='line_1_35' title="bbox 995 4266 3087 4353; baseline 0.001 -21"><span class='ocrx_word' id='word_1_174' title='bbox 995 4267 1383 4351; x_wconf 91' lang='lat' dir='ltr'><strong>proposita</strong></span> <span class='ocrx_word' id='word_1_175' title='bbox 1430 4267 1794 4334; x_wconf 86' lang='lat' dir='ltr'><strong>deficiunt</strong></span> <span class='ocrx_word' id='word_1_176' title='bbox 1841 4273 2003 4334; x_wconf 88' lang='lat' dir='ltr'><strong>tum</strong></span> <span class='ocrx_word' id='word_1_177' title='bbox 2054 4267 2133 4333; x_wconf 92' lang='lat' dir='ltr'><strong>in</strong></span> <span class='ocrx_word' id='word_1_178' title='bbox 2181 4266 2635 4353; x_wconf 82' lang='lat' dir='ltr'><strong>explicanda</strong></span> <span class='ocrx_word' id='word_1_179' title='bbox 2688 4287 2948 4335; x_wconf 87' lang='lat' dir='ltr'><strong>norma</strong></span> <span class='ocrx_word' id='word_1_180' title='bbox 2990 4288 3087 4334; x_wconf 85' lang='lat' dir='ltr'><strong>ex</strong></span> 
     </span>
     <span class='ocr_line' id='line_1_36' title="bbox 996 4373 3122 4483; baseline 0.002 -43"><span class='ocrx_word' id='word_1_181' title='bbox 996 4373 1327 4441; x_wconf 87' lang='lat' dir='ltr'><strong>actiones</strong></span> <span class='ocrx_word' id='word_1_182' title='bbox 1361 4373 1943 4461; x_wconf 86' lang='lat' dir='ltr'><strong>distinguuntur</strong></span> <span class='ocrx_word' id='word_1_183' title='bbox 1980 4381 2143 4442; x_wconf 91' lang='lat' dir='ltr'><strong>tum</strong></span> <span class='ocrx_word' id='word_1_184' title='bbox 2196 4375 2278 4441; x_wconf 93' lang='lat' dir='ltr'><strong>in</strong></span> <span class='ocrx_word' id='word_1_185' title='bbox 2312 4375 2767 4483; x_wconf 80' lang='lat' dir='ltr'><strong>assignando</strong></span> <span class='ocrx_word' id='word_1_186' title='bbox 2799 4375 3122 4462; x_wconf 88' lang='lat' dir='ltr'><strong>obligati</strong></span> 
     </span>
    </p>
   </div>
   <div class='ocr_carea' id='block_1_13' title="bbox 992 4482 1509 4550">
    <p class='ocr_par' dir='ltr' id='par_1_17' title="bbox 992 4482 1509 4550">
     <span class='ocr_line' id='line_1_37' title="bbox 992 4482 1509 4550; baseline -0.008 0"><span class='ocrx_word' id='word_1_187' title='bbox 992 4482 1509 4550; x_wconf 81' lang='lat' dir='ltr'><strong>fundamento,</strong></span> 
     </span>
    </p>
   </div>
   <div class='ocr_carea' id='block_1_14' title="bbox 1461 4590 3125 4737">
    <p class='ocr_par' dir='ltr' id='par_1_18' title="bbox 1461 4590 3125 4737">
     <span class='ocr_line' id='line_1_38' title="bbox 1461 4590 3125 4646; baseline 0.001 -3"><span class='ocrx_word' id='word_1_188' title='bbox 1461 4590 1875 4643; x_wconf 69' lang='lat' dir='ltr'><strong>¹Dioe0rtatiom</strong></span> <span class='ocrx_word' id='word_1_189' title='bbox 1895 4592 2013 4643; x_wconf 81' lang='lat' dir='ltr'><strong>and</strong></span> <span class='ocrx_word' id='word_1_190' title='bbox 2046 4591 2388 4643; x_wconf 61' lang='lat' dir='ltr'><strong>Diseussiom</strong></span> <span class='ocrx_word' id='word_1_191' title='bbox 2424 4590 2482 4645; x_wconf 85' lang='lat' dir='ltr'><strong>V.</strong></span> <span class='ocrx_word' id='word_1_192' title='bbox 2511 4590 2628 4644; x_wconf 87' lang='lat' dir='ltr'><strong>III.</strong></span> <span class='ocrx_word' id='word_1_193' title='bbox 2714 4591 3125 4646; x_wconf 66' lang='lat' dir='ltr'><strong>militariam</strong></span> 
     </span>
     <span class='ocr_line' id='line_1_39' title="bbox 1464 4673 2505 4737; baseline 0.002 -11"><span class='ocrx_word' id='word_1_194' title='bbox 1464 4673 1611 4726; x_wconf 77' lang='lat' dir='ltr'><em>²Tho</em></span> <span class='ocrx_word' id='word_1_195' title='bbox 1632 4674 1785 4727; x_wconf 74' lang='lat' dir='ltr'><strong>Data</strong></span> <span class='ocrx_word' id='word_1_196' title='bbox 1808 4676 1877 4737; x_wconf 75' lang='lat' dir='ltr'><strong>os</strong></span> <span class='ocrx_word' id='word_1_197' title='bbox 1893 4675 2080 4727; x_wconf 71' lang='lat' dir='ltr'><strong>Ethioae</strong></span> <span class='ocrx_word' id='word_1_198' title='bbox 2107 4675 2165 4729; x_wconf 82' lang='lat'><strong>0.</strong></span> <span class='ocrx_word' id='word_1_199' title='bbox 2195 4674 2243 4728; x_wconf 84' lang='lat' dir='ltr'><strong>I.</strong></span> <span class='ocrx_word' id='word_1_200' title='bbox 2274 4674 2356 4727; x_wconf 92' lang='lat' dir='ltr'><strong>II.</strong></span> <span class='ocrx_word' id='word_1_201' title='bbox 2387 4674 2505 4728; x_wconf 89' lang='lat' dir='ltr'><strong>III.</strong></span> 
     </span>
    </p>
   </div>
  </div>
 </body>
</html>
