3125 5317
671 597 712 662 13

640 806 728 855 XLV.

149 944 282 1010 Inanern
308 953 481 1012 sumunt
511 967 664 1033 operam
681 947 747 1034 qui
764 969 812 1014 ex
829 947 1097 1014 charismatum
1120 968 1162 1014 ac
1179 968 1257 1013 mu·

115 1089 217 1138 nerum
227 1071 526 1140 enumeratione
545 1094 569 1140 a
586 1071 703 1140 Paulo
721 1072 738 1137 Ι
755 1071 838 1140 Cor.
857 1072 944 1154 XII,
959 1077 1003 1139 28
1020 1079 1058 1140 et
1074 1071 1169 1158 Eph.
1187 1072 1255 1140 IV.

116 1203 156 1278 11,
171 1195 352 1280 instituta,
376 1197 604 1285 quidquam
622 1204 748 1268 contra
765 1197 870 1266 Petri
896 1198 1101 1284 primatum
1126 1197 1254 1284 colligi

116 1325 298 1393 annuant.

627 1433 734 1482 xnvr.

149 1571 265 1640 Renlis
289 1573 550 1642 consiliorum
579 1595 601 1642 a
626 1575 837 1660 praeceptis
853 1575 1051 1643 distinctio
1075 1575 1148 1643 fide
1165 1575 1257 1642 adeo

115 1705 194 1770 certa
208 1703 273 1782 est,
294 1704 342 1768 ut
359 1699 452 1768 sine
470 1700 671 1768 manifesta
687 1699 833 1771 haeresi
851 1701 978 1788 negari
997 1721 1070 1768 non
1087 1701 1218 1787 possit.

617 1878 742 1928 XLVII.

151 2015 330 2086 Ecclesiae
348 2023 525 2104 potestas
551 2027 721 2088 versatur
744 2026 826 2090 tum
843 2020 941 2089 circa
959 2026 1065 2090 actus
1082 2025 1255 2088 externos

118 2156 182 2211 tnnr
197 2142 294 2212 circu
311 2149 430 2212 actus
446 2143 625 2212 internos.

615 2288 754 2338 XLVIII.

154 2427 397 2495 Gravissimis
436 2428 649 2497 rationibus
688 2451 879 2498 censemus
919 2431 992 2497 niti
1033 2431 1258 2498 sententiam

119 2575 237 2638 eorum,
257 2555 328 2642 qui
345 2554 565 2641 peregrinos
582 2555 697 2623 teneri
716 2556 903 2624 affirmant
928 2557 1075 2643 legibus
1092 2556 1254 2626 teritorii

121 2680 233 2768 inquo
250 2689 343 2749 actu
368 2681 523 2768 degunt.

628 2825 735 2876 xnrx.

156 2967 287 3034 Exstat
303 2973 545 3053 praeceptum
571 2987 637 3052 per
654 2989 691 3034 se
707 2968 873 3055 graviter
901 2968 1074 3054 obligans
1098 2969 1147 3036 ad
1163 2971 1254 3036 elee-

123 3113 300 3180 mosynam
318 3091 527 3178 aliquando
551 3091 792 3172 faciendam..

664 3270 696 3319 L.

162 3411 329 3480 Haeresis
355 3410 526 3479 formalis
562 3411 735 3479 consistit
767 3412 808 3480 in
839 3413 1023 3498 pertinaci
1057 3416 1257 3501 rejectione

128 3539 281 3606 veritatis
297 3560 320 3606 a
337 3536 418 3604 Deo
436 3537 617 3604 revelatae
633 3545 671 3606 et
687 3538 734 3605 ab
752 3538 920 3606 Ecclesia
936 3539 1160 3607 sufficienter
1177 3537 1270 3627 pro-¹

130 3664 267 3752 pentae.

292 3787 401 3856 Vidit
418 3789 532 3854 Scau
549 3788 743 3872 Famuline,

208 3915 239 3984 I.
269 3917 513 3996 Scurronnnu,
535 3934 569 3998 p.
591 3920 616 3981 t.
637 3913 822 3982 Decanus.

208 4025 238 4091 S.
267 4024 469 4105 Mnssnnn,
491 4042 525 4108 p.
547 4029 572 4089 t.
594 4043 617 4089 a
634 4023 804 4089 Secretis.

559 4180 663 4247 Vidit
679 4181 813 4249 Rector
839 4183 914 4250 Urci
918 4185 1118 4264 versitatis,

754 4289 790 4356 J.
819 4288 854 4358 J.
883 4291 1070 4378 KEANE,

835 4400 1049 4503 Episcopus
1061 4401 1213 4472 Jcssea.
