3125 5317
857 605 901 675 10'

818 804 930 853 xxrrr.

353 956 376 988 ‘⁶
388 941 458 1016 Jus
471 948 680 1035 imperandi
696 946 750 1034 (in
761 947 940 1015 societate
953 946 1074 1032 civili)
1088 967 1109 1013 a
1121 946 1200 1013 Deo
1211 944 1454 1031 repetendum

301 1080 358 1143 est
375 1076 478 1143 velut
495 1096 517 1142 a
534 1075 699 1142 naturaii
718 1074 1001 1161 necessarioque
1018 1072 1268 1159 prinoipi0.”1

831 1273 925 1320 XXV.

356 1423 379 1454 “
392 1416 417 1484 J
419 1437 463 1483 us
489 1414 733 1502 proprietatis
759 1436 802 1481 ao
828 1414 987 1481 dominii
1006 1413 1135 1501 (etiam
1153 1412 1192 1479 in
1210 1433 1266 1480 res
1284 1412 1454 1497 stabiles)

306 1542 352 1609 ab
370 1542 452 1627 ipsa
469 1546 606 1609 natura
633 1540 841 1626 proiectum
870 1541 1054 1607 intactum
1072 1540 1229 1607 cuilibet
1244 1545 1282 1606 et
1298 1538 1453 1605 inviola-

305 1676 386 1735 tum
404 1689 482 1735 esse
505 1668 611 1754 jubet
628 1668 690 1733 lex
706 1666 957 1734 naturalis.”2
1044 1734 1048 1745 ‚

822 1846 933 1894 XXVI.

352 1989 581 2056 Nullatenus
607 1986 855 2054 demonstrari
873 1992 997 2072 potest
1019 1987 1153 2073 dogma
1178 1986 1455 2054 Inoarnationis

307 2114 446 2182 rationi
464 2134 682 2200 repugnare.

811 2223 939 2271 xxvn.

353 2362 557 2452 supposita
582 2364 652 2429 Dei
671 2364 865 2431 voluntate
889 2363 1183 2431 satisfactionem
1209 2386 1257 2431 ex
1273 2385 1312 2431 se
1328 2365 1453 2451 aequi·

305 2492 490 2558 valentem
506 2489 694 2576 exigendi,
716 2489 932 2556 incarnatio
953 2496 1033 2555 erat
1057 2490 1209 2556 omnino
1232 2490 1451 2557 necessaria.

811 2666 954 2715 XXVIII.

353 2810 396 2876 In
421 2808 608 2895 praesenti
636 2807 765 2875 ordine
791 2806 1057 2874 Providentiae
1081 2807 1168 2873 finis
1192 2808 1394 2893 primarius
1418 2817 1457 2876 et

306 2936 548 3003 immediatus
588 2933 865 3002 Inearnationis
905 2933 982 3000 fuit
1019 2934 1166 3020 generis
1205 2934 1361 3000 humani
1401 2956 1455 3002 re-

305 3062 483 3148 demptio.

824 3170 934 3218 xxix.

352 3314 527 3384 Christus
540 3314 579 3379 in
596 3313 666 3380 hae
679 3313 758 3380 vita
775 3312 970 3380 scientiam
988 3314 1133 3380 beatam
1153 3313 1289 3380 habuit
1302 3314 1457 3400 aprimo

307 3441 466 3508 instanti
485 3461 574 3508 suae
591 3439 880 3507 Inoarnationis

831 3620 925 3668 XXX.

351 3760 491 3828 Anima
513 3759 654 3829 Christi
681 3780 748 3845 per
773 3759 870 3827 hano
896 3760 1091 3826 seientiam
1118 3760 1266 3827 beatam
1284 3780 1357 3828 non
1374 3781 1456 3847 per·

305 3888 400 3955 ieote
417 3885 700 3972 comprehendit
716 3886 883 3952 divinam
901 3887 1112 3969 essentiam,
1134 3887 1292 3972 ideoque
1308 3908 1382 3955 non
1400 3888 1455 3953 in-

304 4014 446 4099 telligit
462 4012 500 4078 in
517 4011 596 4077 Deo
607 4011 732 4083 omnia
743 4012 1064 4097 possibilia,videt
1074 4020 1198 4079 tamen
1212 4014 1337 4080 omnia
1348 4034 1453 4099 prae-

304 4141 436 4221 sentia,
457 4138 662 4225 praeterita
678 4144 715 4205 et
732 4127 877 4205 futuras

522 4288 528 4291 .
550 4288 627 4291 ,-.--
842 4288 964 4293 ,--,-.,
1077 4286 1454 4295 ——..——...-—-

386 4356 459 4409 ¹Leo
471 4355 555 4405 XIII.
571 4350 693 4417 Encycl.
708 4350 900 4404 Diulurnum.

387 4440 461 4494 'Leo
473 4438 557 4489 XIII.
572 4437 693 4503 Encycl.
712 4436 798 4500 Quod
808 4436 971 4503 Apostolae'ci
982 4436 1119 4489 muneris.
