3125 5317
658 613 699 681 15

100 797 275 864 tamenin
289 817 336 863 ea
359 798 566 865 evidenter
587 819 761 883 expressa
788 798 986 867 habentur:
1015 800 1249 886 elemosynae

101 922 371 990 commendatio
388 930 428 990 et
443 923 529 1009 ejus
546 922 718 990 efficacia.

627 1135 723 1183 xnrr.
845 1100 851 1119 '

141 1274 246 1342 Licet
274 1275 402 1341 civilis
427 1275 667 1342 auctoritatis
691 1295 781 1342 cura
805 1275 1004 1361 potissima
1019 1296 1098 1343 esse
1115 1276 1251 1343 debeat

101 1407 139 1466 nt
153 1400 263 1467 bonis
288 1400 437 1487 legibus
461 1399 633 1467 obtineat
649 1420 695 1468 ne
712 1401 996 1467 communitatis
1020 1402 1184 1468 membra
1209 1401 1249 1466 in

100 1526 287 1592 miseriam
318 1531 359 1592 et
389 1525 669 1611 pauperismum
699 1527 849 1599 cadant.
887 1510 1134 1593 nihilominus
1175 1526 1251 1611 ipsi

99 1652 210 1718 etiam
244 1652 434 1718 incumbit
464 1671 560 1718 onus
592 1651 837 1720 subveniendi
870 1651 919 1718 iis
951 1652 1017 1738 qui
1050 1652 1251 1719 actualiter

101 1776 275 1843 destituti
303 1782 404 1843 sunt.
456 1775 536 1843 Hoc
564 1782 688 1843 autem
717 1776 927 1861 praestabit
949 1784 1030 1843 tum
1048 1776 1251 1843 sanciendo

101 1902 370 1988 obligationem
395 1901 605 1968 naturalem
632 1901 908 1982 beneticentiae,
937 1921 1010 1987 qua
1033 1902 1176 1986 privati
1198 1907 1248 1968 te-

102 2036 248 2109 nentur,
279 2033 361 2094 tum
394 2032 637 2112 spontaneam
669 2026 950 2094 beneficentiam
984 2027 1246 2113 promovende,

102 2162 178 2218 tum
196 2152 370 2219 subsidia
386 2152 502 2219 etiam
519 2151 793 2219 distribuendo.

616 2364 730 2412 xtlll.

146 2504 289 2592 Negari
315 2524 388 2571 non
405 2511 532 2590 potest
557 2505 676 2572 inesse
693 2504 915 2572 auctoritati
933 2505 1064 2572 sociali
1091 2506 1153 2593 J‘us
1169 2526 1252 2591 pro·

107 2629 271 2713 bibendi,
298 2629 400 2697 intra
424 2636 544 2697 certos
568 2630 718 2712 limites,
739 2629 1020 2697 mendicitatem
1046 2630 1248 2716 publicam,

109 2756 205 2842 qnod
220 2758 283 2841 jus
299 2756 539 2839 caeteroquin
556 2760 804 2823 exercuerunt
820 2763 899 2823 tum
927 2756 1135 2824 Christiani
1151 2756 1251 2843 prin-

111 2882 215 2967 ciper,
234 2888 316 2948 tum
333 2881 408 2966 ipsi
424 2880 539 2947 etiam
557 2880 718 2948 Romani
736 2880 951 2949 Pontifices,

623 3092 730 3140 xmv.

154 3232 314 3300 &alesia
338 3234 400 3320 jus
416 3232 610 3319 proprium
624 3233 738 3301 habet
764 3233 1018 3318 eleemosynas
1046 3232 1251 3319 colligendi

117 3379 153 3424 ac
173 3358 404 3425 ditribuendi
432 3363 625 3445 totamque
642 3357 887 3425 christianam
912 3356 1135 3425 charitatem
1152 3357 1250 3424 ordi·

118 3485 234 3551 nandi.

631 3592 722 3641 xnv.

160 3733 452 3819 “Temperantia
468 3740 525 3801 est
541 3732 640 3800 circa
656 3732 979 3818 concupiscentias
1001 3733 1251 3800 maximarum

115 3858 406 3926 delectationum.
458 3858 507 3925 Et
531 3859 622 3945 quia
639 3859 841 3926 delectatio
858 3859 1102 3945 consequitur
1125 3879 1252 3944 opera·

116 3984 244 4052 tionem
268 3984 491 4066 naturalem,
511 3988 620 4051 tanto
636 3984 788 4070 aliquae
805 3983 1072 4069 delectationes
1089 3988 1179 4051 snut
1195 4004 1253 4050 ve·

115 4110 361 4193 hamentiorea
392 4116 536 4197 quanto
564 4118 845 4196 consequuntur
870 4110 1106 4195 operationes
1132 4110 1253 4196 magis

113 4238 302 4304 naturales.
354 4236 524 4302 Maxime
549 4241 674 4302 antem
702 4235 893 4302 naturales
918 4236 1147 4303 animalibus
1164 4248 1254 4303 sunt

114 4363 333 4445 operationes
364 4360 508 4448 quibus
532 4366 774 4427 conservatur
806 4368 942 4428 natura
968 4362 1159 4428 individui
1187 4381 1254 4446 per

113 4486 223 4554 cibum
244 4494 281 4556 et
307 4495 459 4573 potum,
479 4492 516 4552 et
542 4492 678 4553 natura
706 4485 845 4572 speciei
870 4486 1253 4573 perconjunctionem
