3125 5317
559 1278 878 1405 tunsus,

698 1555 726 1604 1.

165 1680 329 1748 Certum
348 1687 415 1746 est
427 1679 468 1746 iu
479 1678 580 1745 nobis
591 1685 739 1765 praeter
748 1700 883 1765 corpus
893 1700 973 1747 esse
983 1679 1159 1763 animam,
1176 1690 1284 1766 quae,

123 1807 312 1891 spectatis
323 1804 566 1890 intelligendi
577 1804 870 1890 operationibus,
885 1825 959 1872 non
976 1807 1096 1874 solum
1115 1806 1288 1872 substan·

128 1933 184 1998 tia
199 1933 378 2018 simplex
396 1938 464 2010 est,
484 1930 546 1998 sed
563 1937 600 1998 et
616 1930 841 2016 spiritualia.
894 1984 899 1990 .

687 2092 730 2141 11.

175 2217 245 2284 Est
272 2217 315 2283 in
335 2217 445 2284 nobis
471 2215 664 2302 appetitus
677 2217 728 2283 ab
745 2216 920 2302 appetitu
937 2216 1118 2285 sensitivo
1135 2235 1288 2303 prorsus

132 2343 357 2425 distinctus,
375 2341 441 2428 qui
458 2341 689 2409 intellectum
704 2342 912 2409 necessario
922 2332 1166 2429 consequitur
1175 2349 1213 2409 et
1226 2363 1288 2428 ap·

133 2469 303 2553 pellatur
331 2467 517 2534 voluntas:
554 2465 644 2533 haec
672 2465 835 2534 facultas
858 2472 916 2534 est
939 2466 1148 2534 formaliter
1172 2467 1290 2534 libera

133 2595 313 2661 libertate
331 2592 607 2661 indifferentiae
627 2591 783 2676 activae,
803 2593 861 2661 ita
876 2599 930 2678 ut,
956 2571 1102 2679 positis
1116 2592 1289 2661 omnibus

133 2722 181 2788 ad
198 2720 393 2806 agendum
410 2718 612 2806 requisitis,
633 2723 857 2804 potestatem
874 2718 1040 2805 eligendi
1055 2719 1205 2787 habeat.

683 2881 743 2928 111.

174 3006 292 3074 Falso
320 3004 472 3071 omnino
497 3003 681 3071 affirmant
709 3002 894 3070 increduli
924 3003 1097 3070 hodierni
1115 3003 1297 3070 intellec·

134 3141 216 3199 tum
261 3131 468 3198 humanum
508 3130 720 3216 incapacem
762 3150 840 3195 esse
879 3129 1089 3214 indagandi
1126 3129 1289 3197 existen·

135 3261 231 3330 tiam
245 3258 414 3344 supremi
433 3257 606 3342 numinis,
624 3257 725 3344 quod
742 3257 811 3324 dat
831 3257 1031 3325 “omnibus
1047 3257 1164 3324 vitam
1177 3263 1215 3324 et
1232 3257 1287 3323 in·

136 3385 389 3472 spirationem
406 3389 443 3452 et
458 3383 642 3451 omnia.”1

686 3510 742 3559 ru.

184 3657 464 3741 Argumentum
481 3673 548 3739 pro
563 3653 769 3721 existentia
786 3652 868 3736 Dei,
890 3673 937 3719 ex
953 3652 1106 3739 propria
1123 3652 1291 3740 cujusvis

136 3779 380 3867 experientia
391 3778 534 3846 interna
545 3779 759 3862 deductum,
771 3777 845 3844 vim
857 3777 1289 3864 haberevideturquate·

138 3927 212 3973 nus
229 3927 281 3972 ex
300 3905 395 3972 ideis
410 3905 542 3971 mentis
565 3903 776 3990 ontologice
801 3904 981 3990 spectatis
1005 3903 1167 3971 infertur
1192 3904 1289 3971 exis-

137 4032 264 4100 tentia
284 4031 575 4118 alicujuseorum
591 4030 840 4114 fundamenti,
862 4030 1060 4098 necessarii
1077 4037 1115 4097 et
1132 4031 1286 4114 aeterni,

138 4157 245 4246 quod
271 4163 332 4221 est
358 4154 467 4221 Deus:
492 4163 650 4243 angetur
672 4161 711 4223 et
734 4155 976 4223 confirmatur
999 4175 1041 4222 ea
1059 4155 1117 4221 vis
1138 4176 1186 4222 ex
1206 4176 1288 4223 con-

140 4279 382 4348 sideratione
398 4278 555 4348 influxus
571 4280 694 4364 realis,
716 4301 825 4366 qoem
842 4280 981 4348 veritas
998 4279 1038 4346 in
1055 4279 1289 4347 intellectum

140 4405 364 4472 humanum
380 4413 523 4472 exercet.
1050 4377 1053 4384 Ι

179 4581 263 4632 ‘Act
281 4589 385 4644 apos..
398 4577 482 4642 XVII,
496 4593 535 4646 25.
