3125 5317
651 582 691 665 il

608 812 719 861 xxx1.

144 944 324 1013 Constituit
341 946 533 1018 Christus
550 953 592 1018 in
612 952 774 1019 Ecclesia
801 952 949 1019 visibile
978 951 1242 1025 authenticum

111 1083 136 1139 rt
150 1079 347 1159 perpetuum
367 1076 642 1163 magisterium
661 1078 719 1145 cui
739 1078 914 1163 promisit
929 1083 967 1145 et
983 1078 1146 1145 contulit
1162 1098 1241 1162 spe-

110 1200 180 1264 ciale
200 1198 501 1269 infallibilitatis
531 1204 718 1271 charisma
747 1224 821 1289 quo
847 1224 912 1289 per
929 1203 1094 1289 Spiritus
1112 1202 1241 1269 Sancti

109 1324 325 1391 assistentiam
345 1326 387 1392 in
416 1328 602 1396 doctriua
618 1330 664 1399 de
687 1330 760 1417 tide
776 1337 814 1395 et
830 1329 997 1395 moribus
1021 1321 1252 1395 delinienda

109 1470 266 1537 uunquam
283 1452 410 1536 possit
430 1474 455 1520 a
473 1454 636 1538 veritate
654 1454 859 1521 deflectere.

606 1616 732 1665 XXXH.

139 1736 296 1803 Ordinem
315 1742 539 1809 naturalem
570 1749 608 1807 et
636 1742 969 1827 supernaturalem,
993 1740 1102 1808 linem
1120 1746 1241 1826 potes·

108 1862 176 1929 tatis
190 1864 336 1930 socialis
353 1874 395 1933 et
413 1868 587 1953 ejusdem
605 1868 806 1953 potestatis
818 1867 1028 1952 subjectum
1046 1867 1239 1934 immedia-
1265 1922 1269 1928 .

108 2000 166 2054 tum
193 1992 355 2075 turpiter
390 1993 635 2060 confundunt
663 1994 727 2079 qui
762 2014 845 2060 cum
881 1991 1058 2060 Rioherio
1090 1999 1128 2060 et
1152 1992 1239 2059 aliis

108 2114 337 2199 coemtionem
366 2118 419 2185 de
446 2119 567 2185 forma
597 2120 788 2205 rchminis
817 2119 857 2185 iu
883 2118 1194 2187 ecolesiaChristi
1221 2139 1244 2185 a

108 2240 200 2324 priori
224 2244 449 2311 solvendam
476 2252 515 2311 et
543 2246 591 2312 ad
620 2246 804 2331 quaedam
832 2245 930 2331 juris
951 2244 1137 2311 naturalis
1162 2246 1241 2330 pla-

7 2348 8 2369 ³
108 2368 251 2434 ritaesse
268 2369 521 2455 redigendam
541 2377 721 2437 asserunt.
1288 2358 1292 2363 ²

597 2533 741 2581 xxan

141 2652 361 2725 Benedictus
403 2659 608 2727 Caietanus
639 2680 718 2726 eam
760 2657 911 2745 quidem
945 2658 1156 2727 Coelestiuo
1189 2657 1236 2726 V.

109 2788 243 2847 urentem
265 2804 378 2850 suam
404 2784 565 2869 aperuit,
598 2784 707 2849 licere
734 2782 910 2849 Pontifici
929 2782 1118 2864 abdicare3
1144 2788 1239 2850 atta-

111 2923 174 2969 men
189 2908 302 2974 nullis
328 2909 523 2975 historicis
550 2907 779 2992 argumentis
796 2907 982 2973 evincitur
997 2928 1080 2973 eum
1105 2907 1244 2974 illicito

110 3030 198 3097 nodo
213 3036 375 3101 suumin
390 3034 460 3102 hoc
477 3034 627 3119 negotio
645 3033 908 3100 alletoritatem
934 3034 1168 3119 imposuisse.

595 3194 733 3243 XXXWH

147 3314 359 3386 Boniiaoius
381 3319 489 3385 VIII.
521 3320 609 3385 lieet
634 3338 757 3385 severe
785 3318 824 3383 ln
851 3317 1071 3386 cardinales
1096 3318 1242 3387 Colum·

113 3456 221 3507 nensm
244 3444 526 3527 animadvertit,
548 3450 672 3510 tamen
697 3442 794 3529 juris
826 3442 884 3509 sui
911 3442 1051 3510 limites
1075 3460 1149 3509 nou
1174 3464 1235 3509 ex-

115 3567 215 3635 cessit.

603 3678 725 3727 xxxv.

151 3800 187 3867 lu
210 3822 279 3870 suo
299 3824 381 3869 cum
398 3802 578 3888 Philippo
596 3802 759 3870 Pulchro
776 3800 951 3869 conflictu
970 3801 1069 3868 idem
1088 3801 1239 3870 Bonifa-

118 3924 233 3996 tiusea
246 3949 320 4015 que
336 3930 405 3996 sibi
434 3931 519 4015 jura
536 3929 763 4010 vindicabat,
784 3928 1002 3994 nullatenus
1027 3929 1238 4013 usurpavit.

596 4090 734 4139 XXXVL

154 4212 371 4281 Electionem
396 4215 595 4285 Clementis
611 4214 657 4283 V.
680 4213 886 4300 Philippus
902 4234 969 4281 rex
986 4214 1179 4284 Gallorum
1202 4214 1241 4280 iu

119 4357 300 4421 rongmssu
315 4360 393 4408 cum
411 4339 616 4406 Bertrando
633 4338 765 4406 habito
783 4359 856 4406 non
870 4339 1145 4423 determinavit,
1161 4360 1241 4407 eam

122 4471 228 4531 tamen
244 4466 466 4551 promovIsse
483 4465 661 4535 dicendus
677 4472 745 4533 est.
782 4421 790 4443 ’
