3125 5317
655 616 695 679 11

611 814 754 864 xxvnr.

146 970 343 1037 “Necesse
375 970 462 1055 fuit,
499 972 651 1040 ratione
682 972 870 1041 humanae
901 980 1060 1043 naturae
1092 997 1189 1063 quae
1216 977 1255 1044 in

106 1098 249 1168 Christo
274 1097 447 1183 perfecta
472 1097 563 1183 fuit,
586 1098 701 1166 fuisse
727 1099 768 1165 in
795 1120 837 1167 eo
865 1100 1033 1187 aliquam
1060 1102 1256 1171 scientiam

106 1232 244 1312 praeter
259 1224 482 1292 divinam.’'
498 1227 513 1275 1

624 1336 735 1383 xxrx.

146 1512 289 1593 Quodsi
325 1524 474 1579 creatae
515 1512 631 1599 hujus
669 1511 850 1581 scientiae
882 1514 921 1580 in
954 1515 1080 1583 anima
1113 1516 1256 1586 Christi

107 1645 237 1706 natura
262 1644 304 1705 et
331 1637 480 1705 indoles
506 1643 705 1723 spectetur,
733 1640 856 1725 primo
878 1641 1082 1725 “oportuit
1108 1644 1256 1711 beatam

106 1764 369 1851 cognitionem,
391 1764 546 1850 quaein
563 1764 634 1830 Dei
653 1764 800 1831 visione
817 1764 1002 1850 consistit,
1023 1769 1255 1837 excellentis-

105 1894 190 1959 sime
221 1889 377 1957 homini
410 1889 563 1958 Christo
595 1890 865 1957 convenire.”2
920 1892 1002 1973 Qua
1031 1894 1069 1959 in
1099 1896 1256 1963 scientia

106 2018 253 2087 Christo
295 2015 535 2082 vindicanda
581 2035 782 2083 consensus
823 2016 1049 2085 universalis
1088 2020 1255 2088 omnium

107 2144 364 2229 theologorum
393 2162 461 2227 per
487 2141 600 2225 plura
627 2142 757 2208 saltem
788 2143 938 2209 saecula
964 2145 1171 2213 auctoritas
1198 2152 1256 2214 est

106 2266 393 2354 irrefragabilis,
414 2266 476 2333 cni
494 2265 601 2333 nefas
617 2272 674 2333 est
689 2266 955 2335 contradicere.

639 2462 732 2510 XXX.

145 2640 392 2725 Quapropter
418 2638 549 2722 inepta
579 2657 728 2723 prorsus
760 2643 829 2721 est,
859 2637 1067 2726 theologice
1093 2640 1191 2709 falsa
1219 2650 1258 2711 et

106 2764 333 2832 temeritatis
348 2765 473 2848 plena,
487 2762 580 2828 haec
593 2762 789 2849 cujusdam
802 2762 1056 2832 Guntheriaui
1074 2768 1251 2835 assertio:

110 2890 266 2959 “Claris
295 2888 517 2973 Scripturas
543 2887 666 2953 verbis
692 2908 789 2973 quae
816 2889 927 2955 aliter
956 2890 1121 2976 intelligi
1152 2894 1257 2959 nullo

106 3016 210 3083 modo
220 3019 397 3101 possunt,
412 3020 541 3098 aperte
552 3013 779 3080 contradicit
796 3014 1111 3083 scholasticorum
1129 3038 1258 3104 super-

106 3139 355 3223 abundantia,
376 3138 464 3204 dum
491 3137 628 3204 docent
649 3138 925 3206 humanitatem
950 3140 1093 3209 Christi
1116 3144 1193 3230 J'am
1211 3145 1258 3212 ab

108 3279 209 3333 utero
234 3264 375 3331 matris
401 3263 623 3349 participem
650 3262 771 3330 fuisse
799 3263 958 3331 visionis
985 3266 1081 3349 Dei3
1116 3268 1144 3333 ii
1173 3290 1258 3337 vero

108 3392 167 3477 qui
184 3392 289 3458 hanc
306 3388 618 3456 scholasticorum
636 3389 847 3455 doctrinam
871 3389 1092 3459 resuscitare
1110 3394 1253 3479 volunt,

107 3538 146 3582 eo
182 3515 271 3601 ipso
314 3534 452 3580 novum
493 3512 740 3599 suppeditant
779 3524 1052 3601 argumentum,
1089 3516 1256 3602 ipsorum

109 3639 391 3727 philosophiam
408 3659 488 3705 esse
504 3637 934 3717 semipantheisticam.''
949 3642 966 3690 3

626 3833 739 3881 XXXI.

151 3980 320 4047 Excessu
364 3980 570 4061 peccarunt
609 3975 648 4041 in
689 3976 909 4043 affirmanda
949 3978 1106 4045 scientia
1146 3982 1257 4050 beata

111 4108 253 4174 animae
279 4102 428 4173 Christi
453 4101 483 4166 ii
507 4101 583 4187 qui,
605 4107 649 4167 ut
673 4103 708 4168 S.
729 4102 955 4188 Fulgentius
979 4110 1017 4171 et
1042 4105 1154 4193 Hugo
1179 4110 1254 4176 aS.

137 4334 183 4387 ¹8.
194 4332 407 4395 mommsp.
421 4342 453 4393 q·
467 4328 492 4389 9,
505 4341 532 4378 ἃ
546 4328 570 4379 1·

136 4434 190 4487 'iu
202 4449 230 4487 a
244 4436 270 4486 2

152 4518 200 4573 nr.
214 4518 344 4572 aanor
354 4513 395 4567 rn
407 4511 551 4579 spaera
565 4510 749 4579 ramasse.
