3125 5317
648 473 690 545 15

114 683 165 732 neo
189 659 326 729 tradere
351 660 534 748 aliisquo
552 661 635 748 ipse
651 666 758 748 egeat
774 660 824 728 ad
840 661 879 728 id
897 663 1122 730 servandum
1135 663 1237 753 quod

112 807 262 878 personae
274 786 486 870 conveniat,
502 787 680 873 qnodque
690 786 831 853 deceat.
862 786 933 853 Sed
944 787 1010 854 ubi
1024 791 1240 859 necessitati
1256 781 1261 790 ’

110 915 185 984 satis
206 919 241 980 et
265 912 402 979 decoro
426 912 574 995 datum,
595 911 754 978 officium
771 916 831 977 est
846 911 892 979 de
908 932 952 979 eo
968 913 1071 999 quod
1087 923 1240 1000 superat

109 1038 288 1129 gratificari
307 1037 636 1125 indigentibus.''1

606 1249 720 1296 XLIII.

141 1395 235 1462 Licet
265 1391 412 1459 falsum
445 1390 597 1458 omnino
629 1390 681 1456 sit
711 1389 896 1456 recidivos
932 1389 1065 1458 debere
1096 1392 1241 1461 absolvi

110 1528 267 1605 “semper
291 1539 338 1584 ac
360 1517 410 1584 ad
431 1520 705 1583 sacramentnm
730 1514 954 1598 accedunt‚’'
975 1521 1101 1583 tamen
1117 1538 1140 1585 a
1155 1539 1242 1587 vero

106 1647 226 1732 pariter
255 1642 471 1710 deflectunt
501 1640 568 1727 qui
600 1646 783 1715 asserunt,
811 1639 953 1726 requiri
982 1640 1022 1706 in
1050 1649 1242 1727 peccatore

105 1769 209 1837 eodem
228 1787 383 1852 semper
397 1765 509 1832 modo
533 1765 681 1850 relapso
704 1764 1007 1832 extraordinaria
1033 1766 1141 1852 signa
1165 1768 1240 1835 dis·
1351 1752 1354 1760 ’

105 1892 286 1981 positionis
321 1913 392 1958 ceu
425 1889 677 1958 conditionem
718 1889 798 1956 sine
829 1909 904 1976 qna
936 1891 1127 1960 absolvere
1157 1914 1242 1961 enm

104 2018 340 2087 confessarius
369 2037 444 2085 non
470 2016 601 2102 possit,
622 2015 696 2082 nisi
713 2014 811 2082 forte
828 2035 894 2101 pcr
909 2015 1019 2100 signa
1034 2020 1243 2086 extraordi-

104 2145 191 2214 naria
217 2145 310 2238 alia·
329 2164 407 2211 uon
437 2142 654 2228 intelligant
678 2160 792 2228 quam
821 2161 917 2228 qnae
942 2141 994 2209 St.
1023 2143 1244 2229 Alphonsns

104 2278 194 2338 vocat
213 2278 238 2308 ‘⁸
250 2290 345 2337 vera
363 2269 472 2355 signa
488 2267 630 2335 doloris
646 2271 684 2334 et
699 2267 949 2352 propositi.”2

614 2479 723 2528 XLIV.

141 2624 223 2690 “Ad
249 2623 377 2690 solam
397 2620 614 2700 Ecclesiam,
635 2621 696 2686 cui
725 2625 808 2686 tota
835 2619 883 2687 de
910 2621 1154 2690 sacramentis
1178 2629 1237 2692 est

102 2771 175 2818 cura
190 2747 427 2832 concredita,
443 2749 506 2834 jus
522 2766 630 2814 omne
647 2767 689 2813 ac
705 2751 874 2832 potestas
887 2747 1052 2831 pertinet
1065 2768 1170 2816 suam
1188 2771 1244 2817 as·

102 2875 264 2963 signandi
293 2874 457 2941 formam
481 2873 691 2940 contractui
720 2872 994 2940 matrimoniali
1022 2874 1070 2941 ad
1088 2875 1242 2944 sublim·

101 3003 198 3067 iorem
241 2998 475 3066 sacramenti
508 2997 735 3081 dignitatem
767 3002 904 3080 evecto,
936 3019 978 3064 ae
1010 2999 1168 3085 proinde
1199 3002 1246 3068 de

102 3124 421 3193 matrimoniorum
456 3122 654 3190 validitate
692 3127 760 3189 ant
785 3122 1028 3191 invaliditate
1058 3125 1245 3212 judicium

101 3250 244 3318 lerre”3
271 3255 447 3318 attamen
471 3247 690 3316 auctoritati
718 3247 825 3314 civili
849 3248 1059 3335 subjectum
1080 3260 1247 3321 remanet

100 3377 210 3461 quoad
227 3375 395 3442 effectus
412 3394 498 3441 snos
515 3373 654 3440 civiles.

623 3600 714 3649 XLV.
812 3633 819 3648 ,

135 3764 318 3831 Potestas
334 3761 580 3847 dispensandi
607 3761 647 3827 in
675 3761 956 3847 impedimentis
976 3763 1244 3834 dirimentibus

99 3889 364 3959 ecelesiasticis
379 3891 464 3976 jure
479 3888 629 3974 proprio
656 3888 727 3956 soli
755 3889 925 3957 Romano
951 3891 1129 3960 Pontifici
1148 3916 1243 3962 com-

100 4016 197 4101 petit.

129 4225 204 4278 ¹Leo
216 4223 314 4290 xm,
328 4221 438 4290 nneyl.
452 4221 557 4275 neom
568 4223 725 4277 Nauorum.

129 4395 136 4417 ¹
149 4310 222 4446 iiis
228 4309 425 4458 ἳέῗιοᾱ
436 4390 515 4457 Epis.
529 4391 733 4445 Motalensem
746 4394 777 4444 17
790 4392 872 4460 Sept.
888 4397 962 4446 1788,
