3125 5317
855 697 899 760 10

301 881 379 944 tum
404 898 448 944 ea
472 897 568 964 quae
592 877 705 945 hodie
730 899 752 944 a
776 878 1004 964 positivistis
1025 882 1289 964 proponuntur
1312 874 1360 942 de
1385 873 1445 941 ab·

300 1003 503 1072 stinentiae
521 1005 682 1087 notione,
704 1005 850 1090 origine
867 1010 905 1072 et
922 1005 1066 1091 praxil

813 1235 923 1285 XXIV.

345 1357 496 1425 Primus
513 1359 701 1426 castitatis
712 1360 852 1446 gradus
863 1359 1037 1426 omnibns
1050 1359 1303 1444 praescriptus
1314 1358 1354 1423 in
1372 1357 1446 1423 hoo

297 1485 471 1552 consistit
482 1490 524 1552 ut
535 1485 803 1553 delectationes
814 1505 996 1553 venereae
1012 1506 1086 1552 non
1100 1485 1353 1565 admittantur
1370 1481 1447 1548 nisi

298 1611 502 1678 secundum
519 1593 688 1679 ordinem
706 1612 879 1678 rationis:
906 1613 997 1679 ordo
1015 1617 1137 1679 autem
1155 1610 1313 1678 rationis
1330 1616 1388 1676 est
1401 1614 1447 1675 ut

298 1735 566 1804 delectationes
591 1742 822 1823 quaerantur
848 1742 995 1804 tantum
1015 1738 1054 1804 in
1071 1742 1158 1804 actu
1175 1737 1222 1804 de
1240 1757 1278 1803 se
1293 1756 1447 1821 genera-

298 1859 378 1927 tivo
395 1862 452 1928 vel
472 1861 510 1928 in
527 1863 658 1929 ordine
684 1863 732 1929 ad
757 1863 858 1930 huno
879 1869 1016 1946 actum,
1036 1870 1075 1930 et
1091 1869 1134 1930 ut
1151 1863 1233 1947 ipse
1257 1867 1364 1929 actus
1383 1882 1447 1948 ge-

298 1985 494 2054 nerativus
520 1988 779 2055 tantummodo
804 1987 844 2054 in
869 1987 1039 2075 legitimo
1071 1988 1311 2056 matrimonio
1343 2007 1448 2054 exer-

300 2119 438 2179 ceatur.

826 2258 920 2308 XXV.

345 2397 536 2465 Secundus
565 2399 753 2467 castitatis
785 2400 937 2486 gradus,
967 2401 1107 2468 nemini
1138 2422 1160 2468 a
1192 2400 1344 2469 Christo
1377 2399 1447 2465 im-

298 2523 446 2607 positus
463 2525 527 2592 sed
544 2525 599 2592 eis
615 2527 832 2612 propositus
849 2528 916 2614 qui
934 2548 1064 2613 capere
1080 2533 1250 2613 possunt,
1271 2526 1451 2594 consistit

299 2646 339 2713 in
372 2652 555 2736 completa
596 2652 828 2719 abstinentia
860 2674 882 2720 a
916 2653 1232 2720 delectationibus
1265 2652 1447 2720 venereis.

298 2774 400 2843 Haec
427 2777 658 2846 abstinentia
685 2779 839 2846 minime
865 2786 973 2847 nocet
998 2779 1157 2847 sanitati
1183 2779 1351 2864 corporis
1376 2785 1449 2846 aut

298 2901 444 2986 mentis,
466 2923 532 2970 nec
556 2904 654 2972 bono
679 2905 808 2972 sociali
837 2906 1057 2973 adversatur
1082 2912 1125 2972 ut
1149 2905 1309 2972 affirmat
1332 2905 1449 2990 Spen-

300 3029 391 3108 cer,2
415 3029 480 3095 sed
499 3050 520 3096 e
539 3039 679 3114 contra,
704 3031 953 3099 nobilioribus
978 3031 1125 3099 animae
1149 3030 1451 3111 aspirationibus

299 3153 508 3238 respondet,
530 3155 697 3241 adeoque
724 3177 799 3223 non
825 3157 945 3224 solum
974 3157 1070 3224 bona
1095 3157 1160 3224 sed
1185 3157 1299 3223 etiam
1324 3154 1449 3222 laudi-

299 3275 389 3343 bilis
405 3286 473 3345 est.

819 3392 932 3440 xxva

344 3530 387 3596 In
401 3531 573 3614 Epistola
585 3534 705 3619 prima
722 3535 771 3602 ad
788 3535 869 3603 Cor.
887 3534 973 3604 Vll.
994 3539 1048 3618 28,
1064 3536 1274 3602 luculenter
1287 3534 1445 3601 docetur

297 3656 555 3741 virginitatem
572 3661 873 3728 excellentiorem
891 3681 969 3728 esse
986 3660 1236 3728 matrimonio.

813 3909 941 3957 XXVH.

345 4050 473 4116 Media
489 4072 511 4117 a
536 4049 743 4117 Malthusio
768 4050 962 4136 proposita
979 4051 1025 4118 ad
1052 4049 1311 4136 populationis
1329 4050 1449 4115 incre-

299 4181 466 4243 mentum
483 4175 764 4262 impediendum
783 4197 856 4243 non
873 4177 967 4244 satis
979 4144 1184 4244 conformia
1202 4181 1291 4244 sunt
1300 4175 1452 4243 ethicae

301 4302 539 4371 Christianae
556 4303 768 4388 principiis.

307 4467 630 4479 n-———--—---—
676 4471 886 4476 ——Q
912 4471 1052 4475 -.-...---
1198 4469 1452 4480 -——-———-——-q

342 4517 349 4540 ¹
361 4515 503 4582 Spencer,
517 4516 681 4583 Principlec
692 4517 725 4582 os
733 4516 842 4581 Etbics,
856 4516 931 4568 Part
942 4515 981 4581 Il,
995 4473 1083 4582 chop.
1097 4471 1192 4567 le

342 4601 502 4668 'Spenceu
516 4601 681 4668 &amplas
692 4602 726 4668 ο]
739 4601 849 4662 aeuus,
864 4600 939 4653 Part
950 4600 989 4666 11,
1002 4600 1090 4667 ohap.
1104 4599 1186 4654 VIII.
