3125 5317
872 617 894 680 8

305 819 384 866 esse
406 797 577 865 “infiniti
595 798 912 883 perceptionem‚”
938 798 994 865 vel
1024 799 1308 885 “cognitionem
1324 816 1452 866 eorum

307 943 402 1004 quae
427 922 682 1007 experientiae
707 943 780 989 non
802 922 1038 1009 subjacent,‘’
1067 923 1124 990 vel
1149 894 1297 1010 alicuid
1322 923 1451 1009 hujus·

307 1047 406 1116 modi
419 1051 445 1114 :l
478 1057 535 1114 est
559 1047 657 1114 enim
675 1047 819 1133 religio,
839 1048 952 1134 juxta
976 1067 1204 1115 communem
1228 1068 1377 1116 sensum
1392 1068 1453 1134 ge-

305 1173 405 1240 neris
430 1173 596 1254 humani,
626 1173 772 1258 agnitio
801 1172 1006 1240 theoretica
1022 1178 1061 1241 et
1074 1173 1242 1260 practica
1259 1174 1454 1242 absolutae

305 1298 577 1384 dependentiae
594 1318 616 1365 a
632 1298 722 1381 Dec,
743 1297 937 1366 essentiali
954 1303 992 1366 et
1008 1319 1181 1386 supremo
1197 1299 1370 1380 Domino.

839 1494 923 1544 x1x.

351 1620 512 1706 Religio,
530 1638 626 1703 qliae
642 1617 824 1706 primario
837 1624 875 1686 et
887 1619 1150 1705 principaliter
1165 1620 1352 1690 hominem
1369 1622 1449 1691 Deo

305 1745 399 1828 unit,
411 1746 525 1815 simul
537 1744 756 1812 secundario
767 1764 851 1812 eum
863 1745 1149 1832 unitcreaturis‚
1162 1767 1258 1834 quae
1269 1748 1317 1815 ad
1328 1748 1451 1816 Deum

304 1871 533 1956 peculiarem
563 1875 771 1955 respectum
804 1869 963 1938 habent:
990 1869 1079 1938 hinc
1104 1872 1229 1940 cultus
1253 1872 1452 1959 religiosus

303 1997 435 2064 merito
468 1995 721 2080 distinguitur
752 1995 793 2061 in
826 2015 1043 2081 supremum
1073 2004 1112 2064 et
1146 1997 1447 2081 subordinatum,

302 2122 516 2189 absolutum
533 2129 572 2189 et
588 2119 799 2188 relativum.

845 2267 913 2314 xx.

347 2407 426 2474 Deo
451 2405 608 2473 debetur
632 2425 706 2472 non
730 2403 852 2472 solum
877 2406 1002 2473 cultus
1018 2406 1190 2476 internus
1206 2414 1244 2475 et
1260 2409 1446 2495 privatus,

303 2532 368 2599 sed
384 2531 501 2599 etiarn
517 2538 692 2598 externus
709 2535 747 2598 et
763 2531 939 2616 publicus
955 2552 1022 2599 seu
1039 2533 1201 2601 socialis.

843 2726 926 2774 XXI.

346 2868 422 2935 The
446 2867 575 2953 public
600 2867 815 2935 veneration
841 2867 881 2935 oi
906 2868 971 2935 the
993 2869 1147 2937 Blessed
1172 2871 1310 2958 Virgin
1337 2873 1448 2961 Mary

299 2995 406 3062 dates
423 2995 518 3062 from
537 2995 599 3061 the
616 2994 768 3062 earliest
784 2992 915 3079 period
931 2994 972 3061 of
996 2994 1262 3083 Christianity.

827 3171 927 3219 XXII.

343 3296 419 3362 The
436 3295 652 3362 veneration
669 3294 709 3361 oi
733 3294 861 3362 Saints
877 3296 951 3363 and
974 3297 1120 3382 Images
1136 3298 1170 3365 is
1188 3319 1208 3366 a
1225 3301 1390 3386 practice
1406 3303 1447 3370 of

299 3423 363 3489 the
380 3421 532 3488 earliest
548 3441 635 3506 ages
651 3420 691 3488 of
714 3420 778 3488 the
796 3420 958 3489 Church.
1028 3421 1031 3425 ’
1139 3493 1143 3500 ,

812 3598 929 3646 XXIII.

339 3721 415 3787 'l'lre
442 3721 587 3786 Roman
611 3719 832 3787 Gatacombs
856 3720 1005 3788 furnisb
1030 3724 1178 3808 specilic
1202 3727 1378 3796 evidence
1403 3730 1445 3797 of

296 3866 408 3930 many
426 3844 599 3912 Catholic
615 3844 805 3912 doctrines
823 3845 897 3911 aud
916 3846 1108 3930 practices.

811 4022 922 4095 xxrv.

346 4148 563 4228 “Quamvis
588 4147 715 4213 nullus
740 4147 846 4214 cibus
864 4148 920 4214 vel
946 4146 1279 4233 potus'secundum
1296 4174 1335 4220 se
1360 4176 1445 4222 con-

295 4274 484 4340 sideratus
501 4273 552 4340 sit
569 4271 795 4358 illicit11S,’'2
811 4276 935 4338 tamen
953 4274 1196 4356 abstinentia,
1217 4277 1331 4345 etiam
1350 4301 1445 4347 com-

303 4403 310 4410 .
333 4449 493 4516 ¹Spencer,
507 4449 586 4501 Ftrst
598 4447 769 4514 Principia,
785 4447 881 4511 Ohap.
896 4448 935 4503 11.

330 4533 377 4587 ²s.
392 4533 532 4599 rhomae,
547 4535 599 4599 aa,
614 4547 642 4600 q.
657 4509 803 4600 dxcix,
817 4547 844 4586 a
859 4532 913 4586 111.
