3125 5317
803 650 847 715 10

246 835 463 899 statuerunt
484 828 637 900 unicum
664 830 905 901 revelationis
930 831 1071 902 iontem
1106 850 1398 919 supremumque

245 956 410 1045 jndicem
443 957 593 1039 fidei,”1
628 957 830 1027 asserimus
862 958 1067 1027 Ecclesiam
1106 978 1187 1027 esse
1226 958 1396 1045 regulam

245 1083 458 1170 proximam
481 1083 593 1151 fidei:
627 1082 872 1153 traditionem
897 1089 936 1152 et
962 1083 1193 1171 Scripturam
1219 1104 1300 1152 esse
1325 1082 1395 1151 du-

246 1210 382 1298 plicem
398 1211 565 1296 regulam
584 1215 776 1279 remotam.

764 1439 875 1489 xxIV.

292 1583 350 1650 Ex
376 1582 487 1650 Dent.
515 1582 583 1668 IV,
612 1585 656 1649 2:
690 1581 801 1650 Joan.
830 1581 877 1667 V,
906 1586 972 1651 39:
1008 1583 1091 1651 Act.
1122 1582 1247 1667 XVII,
1276 1586 1342 1649 11:
1371 1584 1398 1649 2

245 1708 338 1813 Τίω.
359 1709 429 1793 ΙΙΙ,
450 1713 543 1777 14ss.
564 1707 720 1777 minime
744 1708 880 1776 deduci
906 1714 1031 1794 potest
1056 1708 1289 1794 Scripturam
1313 1728 1396 1776 esse

246 1833 399 1902 unicum
439 1834 679 1904 revelationis
718 1833 860 1903 fontem
898 1834 947 1902 ad
987 1833 1239 1902 exclusionem
1276 1831 1395 1902 tradi·

246 1960 405 2030 tionum.

773 2087 867 2137 xxv.

292 2230 371 2299 Nec
387 2230 580 2299 criterium
591 2231 857 2319 dogmaticum,
872 2231 974 2318 quod
990 2230 1146 2317 ponitur
1161 2230 1202 2298 in
1220 2230 1395 2297 immuni·

245 2363 324 2426 tate
340 2358 388 2426 ab
404 2378 537 2443 errore,
558 2358 598 2425 in
614 2359 828 2442 sanctitate,
846 2358 1091 2443 sublimitate,
1108 2364 1146 2425 et
1162 2357 1399 2444 praestantia

246 2484 450 2568 doctrinae,
479 2484 639 2572 quaein
672 2484 796 2553 Sacris
828 2484 1034 2571 Scripturis
1066 2484 1300 2552 continetur:
1326 2504 1397 2552 uec

246 2608 439 2677 criterium
449 2609 708 2695 aestheticum,
721 2610 822 2697 quod
833 2630 881 2678 ex
893 2610 927 2677 S.
943 2610 977 2677 S.
991 2608 1172 2678 dictionis
1181 2610 1392 2697 majestate,

245 2741 284 2802 et
300 2733 393 2820 styli
419 2734 664 2821 simplicitate
681 2741 719 2803 et
735 2734 947 2819 sobrietate,
969 2735 1080 2803 simul
1106 2755 1190 2802 cum
1209 2734 1398 2803 brevitate

245 2860 448 2947 conjuncta
472 2860 708 2944 desumitnr3
733 2880 802 2929 uec
819 2860 1012 2929 criterium
1036 2860 1271 2944 historicum,
1292 2860 1396 2947 qnod

245 2993 501 3062 collocaturiu
514 2992 717 3078 miraculis,
734 2992 957 3080 prophetiis,
972 2994 1134 3080 aliisque
1145 2992 1257 3062 iactis
1268 3014 1397 3081 super·

245 3119 485 3187 naturalibus
500 3120 541 3185 in
566 3140 671 3188 sacra
697 3119 893 3206 Scriptura
917 3119 1174 3207 consignatis3
1203 3139 1270 3187 nec
1286 3119 1396 3187 orite-

246 3245 344 3313 rium
361 3245 595 3343 empiricam²
613 3246 713 3333 quod
733 3246 888 3332 ponitur
910 3245 950 3312 in
968 3244 1073 3321 miris
1090 3244 1284 3314 effectibus
1300 3265 1398 3333 quos

247 3372 396 3439 animus
420 3371 460 3438 in
484 3372 602 3439 sacris
626 3371 736 3439 libris
760 3370 930 3459 legendis
954 3371 1159 3457 experitur,
1180 3376 1317 3439 certam
1338 3370 1397 3438 in-

247 3496 468 3582 spirationis
492 3496 848 3565 demonstrationem
882 3496 1109 3566 constituere
1138 3502 1275 3583 potest:
1317 3496 1399 3565 sive

247 3621 542 3708 unumquodque
553 3643 600 3689 ex
617 3621 680 3690 his
691 3622 856 3690 criteriis
867 3621 1022 3690 seorsim
1033 3621 1301 3708 consideretur,
1318 3621 1400 3691 sive

246 3746 373 3818 omnia
386 3748 498 3816 simul
515 3754 724 3817 sumantur.

765 3944 876 3993 XXVI.

294 4083 571 4170 Scripturarum
590 4084 793 4171 inspiratio
810 4085 888 4152 solo
906 4085 1035 4153 divino
1053 4084 1269 4153 testimonio
1286 4084 1400 4153 nobis

246 4210 473 4278 sufficienter
497 4217 666 4278 constare
690 4215 840 4296 potest:
874 4210 945 4279 hoc
969 4216 1093 4278 autem
1120 4210 1393 4295 testimoninm,

247 4336 374 4423 quoad
398 4337 611 4422 cumplures
630 4336 785 4424 quidem
803 4336 920 4404 libros
936 4336 977 4403 iu
993 4336 1146 4425 scriptis
1162 4336 1400 4424 Apostolicis

285 4530 293 4557 ¹
304 4529 366 4584 rm
377 4528 463 4597 xm,
477 4529 551 4584 ane„
564 4506 841 4587 mamma
852 4530 940 4586 naa.
