3125 5317
2059 361 2143 422 12

1989 568 2204 617 XLIV.

1045 708 1392 776 Hominis
1457 709 1875 792 beatitudO,
1934 730 2124 795 quae
2182 730 2226 776 a
2292 708 2449 776 Deo
2522 709 2813 776 intenta
2878 713 3012 790 est,
3072 729 3125 774 c«

951 836 1154 901 sistit
1219 835 1297 899 in
1365 836 1829 919 possessione
1894 835 2036 901 Dei
2103 856 2230 920 per
2309 836 2772 902 intellectum
2841 843 2916 900 et
2986 834 3125 900 voli

955 968 1202 1044 tatem,
1258 961 1565 1039 scilicet,
1608 961 1687 1026 in
1723 940 1863 1028 Dei
1901 962 2325 1047 cognitione
2358 967 2433 1027 et
2466 981 2733 1043 amore,
2777 960 3110 1046 adeoque

947 1088 1111 1172 ejus
1160 1087 1734 1172 glorificatione3
1800 1088 2187 1172 praedicta
2239 1088 2632 1154 beatitudo
2681 1094 2795 1154 est
2844 1086 3013 1152 finis
3065 1086 3125 1152 u]

951 1236 1113 1280 inus
1148 1212 1475 1279 hominis
1510 1212 2018 1279 secundarius.

2002 1480 2182 1528 XLV.

1043 1620 1476 1708 Ignorantia
1549 1620 2036 1705 invincibiliS,
2080 1626 2236 1688 tum
2292 1620 2497 1703 facti,
2558 1627 2713 1687 tum
2768 1622 2960 1705 juris
3013 1620 3116 1687 eti

947 1748 1140 1832 juris
1190 1747 1583 1830 naturalis,
1642 1769 1682 1814 a
1736 1754 2037 1832 peccato
2088 1768 2392 1833 prorsus
2448 1756 2802 1814 excusat:
2857 1747 3125 1813 vincibi

951 1884 1196 1940 antem
1249 1874 1679 1959 ignorantia
1714 1895 1757 1940 a
1790 1881 2093 1959 peccato
2128 1895 2274 1941 non
2315 1881 2649 1956 excusat,
2694 1881 2937 1941 tamen
2990 1894 3125 1960 gen

947 2000 1129 2064 atim
1169 2005 1513 2084 pecatum
1549 2000 1850 2066 minuit.

1983 2267 2202 2315 XLVI.

1039 2408 1510 2477 Conscientia
1550 2411 1781 2477 dubia
1820 2431 1962 2477 non
1999 2419 2112 2477 est
2147 2412 2482 2496 legitima
2537 2411 2895 2496 operandi
2952 2433 3125 2496 regu

1973 2657 2222 2703 XLVII.

1035 2755 1218 2864 Cum
1256 2751 1347 2864 de
1383 2798 1539 2864 solo
1576 2798 1787 2864 licito
1821 2803 1896 2864 et
1930 2799 2203 2865 illicito
2249 2798 2524 2881 agitur,
2567 2799 2745 2866 licet
2780 2801 2989 2886 sequi
3026 2822 3123 2885 op

951 2924 1187 2988 hinem
1251 2923 1708 3007 probabilem
1775 2924 2112 2990 libertati
2179 2923 2573 3006 faventem,
2631 2926 2856 2991 etiam
2927 2926 3003 2991 in
3071 2948 3125 2991 cc

943 3068 1163 3113 unt-su
1210 3048 1759 3132 probabilioris,
1802 3049 2022 3114 modo
2057 3049 2159 3115 sit
2193 3070 2353 3115 vere
2391 3056 2466 3116 et
2501 3050 2739 3116 solide
2790 3051 3125 3135 probabi]

1948 3329 2229 3378 XLVIII.

1043 3471 1513 3538 poenitentia
1567 3479 1680 3537 est
1729 3493 1979 3537 verum
2041 3493 2272 3538 novae
2323 3473 2509 3558 legis
2562 3482 3125 3558 sacramentum,

947 3596 1244 3664 Ula-isto
1280 3597 1743 3663 institutum.

1980 3843 2193 3890 XLIX.

1039 3984 1156 4049 Ad
1185 3984 1430 4049 valide
1464 3984 1955 4049 exercendum
1995 3985 2465 4051 ministerum
2502 3986 2945 4052 sacramenti
2986 4007 3121 4071 poe

947 4110 1224 4176 ient-iae
1258 4129 1404 4174 non
1448 4109 1721 4175 sufficit
1772 4117 2101 4193 pot-estas
2151 4110 2461 4193 ordinis,
2504 4111 2633 4176 sed
2680 4110 3092 4196 requiritur

943 4256 1163 4320 snper
1200 4242 1532 4320 potestas
1566 4235 2141 4320 jurisdictionis.
