3125 5317
689 666 732 731 15

122 883 178 928 cur
199 862 278 948 ejus
300 871 481 932 ureret-ur
512 865 556 932 in
585 864 776 932 hominum
802 862 940 931 animis
964 863 1087 932 modis
1103 863 1280 931 omnibus

122 988 357 1057 excitaret.’'¹

658 1100 749 1150 xcv.

165 1222 228 1289 Est
245 1222 595 1292 veritasdivinilus
617 1223 790 1305 revelata,
815 1224 1002 1290 constanti
1021 1231 1059 1290 et
1075 1223 1279 1290 universali

123 1348 324 1416 traditione
352 1349 564 1436 proposita,
587 1349 850 1417 Beatissimam
885 1349 1080 1436 Virginem
1113 1349 1275 1416 Mariam

123 1497 197 1546 esse
212 1476 286 1543 Dei
303 1476 469 1544 Matrem
489 1483 527 1543 et
543 1476 772 1562 genitricem.

648 1655 756 1704 XLVI.

166 1779 295 1846 Verba
312 1779 460 1847 Christi
479 1779 588 1846 loun.
603 1801 657 1846 xx
668 1783 712 1846 ⁴23
729 1786 819 1846 sunt
836 1779 1083 1864 intelligenda
1094 1779 1140 1845 de
1157 1784 1278 1864 potes-

124 1917 198 1976 tate
226 1906 452 1973 remittendi
490 1913 528 1972 et
560 1905 745 1972 retinendi
775 1912 929 1990 peccata
960 1905 999 1970 in
1042 1905 1279 1971 Sacramento

122 2031 393 2120 poenitentiae,
416 2031 516 2098 sicut
541 2029 707 2098 Ecclesia
724 2030 910 2099 catholica
928 2031 976 2097 ab
992 2030 1106 2097 initio
1135 2050 1279 2114 semper

123 2159 353 2227 intellexit.2

641 2318 765 2366 XLVII.

163 2445 223 2512 Ex
251 2444 396 2512 celebri
423 2443 594 2510 Nectarii
624 2443 723 2510 facte
757 2443 900 2510 frustra
938 2443 1120 2537 confessio
1156 2443 1281 2510 Sacra-

121 2571 300 2640 mentalis
318 2569 538 2638 traducitur
555 2577 745 2654 tamqnam
764 2567 929 2635 hnmana
942 2569 1126 2654 quaedam
1145 2589 1209 2635 seu
1226 2589 1279 2634 ec-

121 2697 339 2764 clesiastica
356 2693 564 2762 institutio.

637 2803 775 2852 xuvm.

165 2933 258 3000 vim
276 2939 397 3017 atque
409 2927 609 2996 efficaciam
623 2927 806 2996 orationis
818 2949 1010 3013 perperam
1025 2928 1181 3015 quidam
1198 2949 1279 2995 nos·

122 3070 236 3126 tratas
270 3055 502 3139 restringere
535 3054 657 3120 conati
690 3063 779 3120 sunt
819 3053 1037 3120 affirmando
1073 3055 1278 3122 orationem

123 3183 214 3251 nihil
234 3183 365 3249 valere
383 3179 433 3246 ad
450 3178 672 3246 obtinendos
697 3178 851 3245 effectus
876 3178 916 3244 in
934 3178 1065 3246 ordine
1083 3180 1273 3265 plrysicc.³

652 3357 759 3405 XLIX.

170 3487 354 3568 “Fidem,
378 3504 475 3570 quae
494 3481 676 3548 humanae
694 3481 831 3548 salutis
852 3481 1006 3548 initium
1022 3492 1089 3565 est,
1112 3483 1280 3552 Ecclesia

123 3613 325 3684 Catholica
336 3609 547 3697 profitetur,
564 3607 740 3674 virtutem
753 3628 833 3674 esse
845 3610 1179 3693 supernaturalem,
1193 3632 1278 3697 qua,

120 3741 183 3806 Dei
211 3738 419 3824 aspirante
444 3739 483 3800 et
499 3733 701 3819 adjrrvante
725 3733 860 3818 gratia,
882 3733 929 3799 ab
953 3711 996 3800 cc
1016 3737 1182 3804 revelata
1197 3759 1284 3805 vera

117 3889 191 3934 esse
209 3863 413 3933 credimus
431 3879 504 3926 non
523 3866 672 3944 propter·
689 3858 932 3925 intrinsecam
946 3880 1068 3926 rerum
1086 3863 1281 3930 veritatem

115 3991 285 4060 naturali
302 3985 470 4054 rationis
482 3985 621 4050 lumine
633 3991 875 4069 perspectam,
888 3985 953 4051 sed
965 3990 1283 4071 propteranctcri-

114 4127 229 4188 tatem
261 4114 397 4202 ipsius
426 4109 496 4176 Dei
523 4109 734 4191 revelantis,
762 4109 829 4194 qui
860 4129 925 4175 nec
953 4110 1037 4176 falli
1065 4132 1130 4179 nec
1159 4114 1288 4183 fallere

109 4243 309 4333 potest.''⁴

1090 4370 1279 4380 ——-—----.

139 4426 195 4479 'Pii
210 4426 271 4476 IX.
289 4419 323 4472 in
339 4422 424 4470 Beat.
440 4419 470 4466 B.
487 4416 527 4467 M.
543 4413 665 4475 Mariae,
682 4414 754 4478 1865.

139 4513 246 4563 'Cone
264 4502 358 4557 Trid.
372 4503 453 4552 Sess.
470 4499 549 4558 XIV,
565 4511 628 4548 can.
643 4511 666 4561 3.

137 4591 290 4659 Ἴγπάαἱ,
307 4581 542 4650 Fragmentsof
550 4580 672 4640 Science.
688 4595 715 4647 p.
731 4582 770 4640 ΙΙ,
786 4581 854 4632 lect.
871 4583 893 4632 1:

135 4679 245 4730 ‘Cone
262 4673 342 4724 Vat.
360 4665 425 4720 Dei
435 4664 541 4727 Filius,
556 4678 579 4716 c.
594 4662 633 4716 iii.
