3125 5317
711 573 731 635 9

669 740 776 796 XXVI.

168 839 309 908 Contra
326 848 486 909 veterem
507 843 716 909 doctrinam
734 863 808 909 non
826 842 946 909 solum
964 863 986 908 a
1003 840 1231 909 Christianis
1247 859 1321 906 om·

121 948 394 1031 nib11S,vcrum
416 950 530 1017 etiam
557 973 579 1017 a
607 951 899 1036 sapientioribus
922 950 1095 1016 Ethnicis
1120 949 1323 1015 admissam

123 1058 170 1124 de
186 1058 362 1125 absoluta
388 1060 542 1125 suicidii
576 1059 710 1126 directi
742 1059 950 1142 illiceitate,
981 1059 1122 1125 frustra
1154 1057 1323 1124 moderni

123 1165 281 1251 quidam
297 1166 376 1234 sive
392 1168 432 1233 in
449 1167 557 1235 libris
582 1167 707 1248 editis,
729 1168 807 1233 sive
824 1169 864 1233 in
881 1187 1142 1253 congressuum
1167 1166 1321 1233 colloca-

123 1274 291 1341 tionibus
308 1274 521 1361 insurgunt.

133 1373 141 1385 ’
395 1383 595 1448 Medico-Lepci
608 1384 747 1449 congress,
761 1383 827 1436 Neu
845 1384 924 1444 rora,
938 1383 1095 1449 Sapienter,
1109 1385 1134 1444 5,
1149 1384 1221 1436 1895.

665 1501 789 1555 XXVII.

170 1601 261 1687 Legi
278 1602 446 1668 naturali
462 1609 501 1670 et
517 1603 668 1669 divinae
685 1610 871 1689 repugnat
895 1603 1121 1670 medicorum
1151 1624 1323 1690 quorum-

123 1709 210 1775 dam
229 1710 360 1794 praxis
376 1731 451 1796 qua
468 1712 612 1797 aegroti
629 1720 784 1778 mortem
803 1713 1012 1778 accelerant
1024 1716 1068 1777 ut
1080 1711 1115 1778 ei
1128 1711 1274 1778 dolores
1288 1719 1325 1778 et

124 1818 201 1885 alia
218 1817 453 1888 incommoda
469 1820 601 1886 vitent.

401 1927 603 1990 Modico-Lepci
617 1927 754 1991 Conpresa,
769 1927 833 1978 Neu
853 1927 932 1984 rore.
948 1926 1096 1992 September
1108 1930 1132 1986 5,
1149 1929 1221 1980 1895.

654 2044 792 2097 XXVIII.

171 2145 229 2212 Ex
263 2146 475 2212 recentibus
509 2147 667 2213 Sanctae
697 2146 804 2212 Sedis
836 2146 1100 2230 decisionibus,
1131 2169 1323 2235 nunquam

125 2253 215 2321 licet
231 2255 279 2321 ad
297 2260 453 2322 matrem
471 2255 700 2337 salvandam,
727 2275 914 2321 recurrere
939 2255 1016 2321 sive
1042 2256 1091 2322 ad
1117 2259 1323 2344 embryoto-

125 2363 250 2446 miam,
272 2364 349 2430 sive
370 2363 450 2430 “ad
468 2364 580 2430 aliam
599 2384 860 2450 quamcunque
886 2365 1139 2448 operationem
1163 2366 1324 2453 chirugi-

126 2492 206 2537 cam
224 2472 365 2538 directe
389 2471 587 2538 occisivam
616 2472 740 2538 foetus
752 2473 786 2552 ;'’
816 2492 883 2538 nec
901 2481 1169 2558 consequenter
1185 2476 1233 2541 ad
1251 2475 1323 2542 foe-

127 2587 189 2645 tus
206 2579 399 2646 immaturi
416 2580 646 2667 ejectionem.

368 2687 482 2739 Decreta
494 2689 527 2740 28
540 2688 620 2748 Maii,
635 2689 710 2747 1884;
729 2689 761 2739 19
773 2689 903 2752 Augusti,
918 2689 994 2748 188&
1011 2690 1043 2740 24
1055 2689 1136 2752 Julir',
1151 2692 1223 2744 1895.

670 2805 779 2858 XXIX.

173 2906 278 2989 Cum,
312 2912 460 2973 attenta
493 2906 683 2991 praesenti
716 2906 933 2993 chirugicae
961 2909 1056 2975 artis
1083 2909 1323 2994 perfectione,

127 3034 298 3081 caesarea
315 3015 484 3099 operatio
501 3034 568 3080 neo
585 3014 697 3080 nimis
713 3016 925 3100 periculosa
941 3017 1002 3097 sit,
1020 3037 1086 3084 nec
1099 3018 1212 3085 nimis
1226 3020 1326 3087 dolo-

127 3143 221 3205 rosa,
243 3124 458 3201 contingere
474 3122 614 3207 poterit
630 3129 674 3188 ut
691 3122 730 3189 in
747 3129 858 3208 partu
879 3124 1024 3191 difficili
1047 3125 1254 3212 aliquando
1279 3130 1326 3196 ad

127 3252 207 3299 eam
226 3252 413 3298 recurrere
430 3251 504 3297 non
521 3237 670 3297 tantum
700 3231 823 3315 liceat,
845 3253 971 3298 verum
999 3234 1112 3300 etiam
1140 3243 1323 3320 oporteat.

681 3372 776 3424 XXX.

177 3491 377 3558 “Licitum
410 3490 593 3576 estquod
617 3490 727 3557 homo
755 3491 908 3576 propria
940 3493 1144 3578 possideat.
1196 3498 1245 3564 Et
1273 3505 1329 3565 est

128 3600 241 3666 etiam
258 3598 508 3666 necessarium
526 3598 574 3665 ad
591 3598 794 3666 humanam
812 3599 970 3666 vitam.”

776 3707 815 3759 st.
836 3707 961 3769 Thomas,
975 3711 991 3760 2
1003 3711 1027 3770 2.
1042 3727 1064 3776 q.
1079 3712 1121 3773 66,
1135 3719 1188 3765 art.
1204 3716 1227 3766 2.

665 3823 781 3876 XXXI.

174 3925 327 3993 Exortis
346 3926 444 3992 inter
460 3925 611 4010 opifices
624 3931 662 3992 et
673 3926 920 3994 conductores
934 3929 1119 4014 dissidiis,
1138 3932 1170 3998 si
1184 3933 1231 4000 ad
1246 3956 1328 4002 con-

130 4034 360 4102 ciliationem
388 4033 556 4100 deveniri
573 4053 647 4101 non
668 4036 850 4119 potuerit,
880 4039 1066 4122 generalis
1093 4042 1252 4110 cessatio
1278 4045 1329 4110 la*

129 4143 230 4210 boris
246 4143 325 4209 sive
341 4164 389 4209 ex
405 4150 513 4227 parte
537 4142 725 4227 opificum,
747 4144 825 4210 sive
852 4165 899 4212 ex
927 4152 1035 4230 parte
1061 4151 1330 4218 conductorum

130 4272 202 4318 non
213 4257 328 4319 estex
345 4271 383 4318 se
400 4250 545 4337 injusta
560 4274 568 4331 ;
594 4252 794 4319 constituit
805 4261 930 4320 tamen
943 4256 1108 4324 medium
1123 4265 1329 4328 extremum

130 4359 169 4425 in
186 4381 260 4446 quo
287 4360 383 4426 varii
409 4359 556 4446 generis
582 4365 672 4426 sunt
698 4361 958 4446 incommoda;
984 4385 1059 4432 non
1085 4368 1205 4434 solum
1233 4370 1330 4436 enim

135 4468 274 4536 “heros
291 4474 405 4554 atque
422 4468 573 4554 opifices
589 4468 692 4553 ipsos
709 4471 837 4539 affecit
859 4473 1007 4559 damno,
1030 4476 1095 4542 sed
1112 4480 1332 4552 mercaturis
