3125 5317
963 285 1009 346 9

874 485 1093 541 XXIV.

0 601 92 649 »sa
155 583 496 670 analysis
548 591 949 672 conceptus
1000 587 1486 676 obligationis
1541 589 1876 659 ostendit
1928 590 2010 657 in
2042 610 2134 660 ea

0 689 192 757 ineri
224 690 476 759 ideam
521 695 928 781 superioris
977 698 1442 766 voluntatem
1497 719 1710 766 suam
1744 698 2130 785 imponen-

18 797 200 867 hinc
233 798 622 870 Kantiana
651 796 948 872 theoria
980 803 1074 872 de
1104 804 1425 874 rationis
1473 807 1909 875 autonomia
1939 805 2126 874 min-

0 906 312 978 admitti
343 914 616 996 potest.

910 1015 1097 1074 XXV.

0 1115 206 1184 {istit
268 1118 428 1186 veri
487 1120 816 1187 nominis
879 1121 1006 1189 lex
1052 1122 1364 1191 moralis
1423 1123 1771 1192 omnibus
1833 1123 2134 1211 legibus

0 1225 138 1291 ‚ani
196 1226 548 1313 anterior,
590 1229 950 1315 superior,
977 1230 1476 1299 universalior
1510 1255 1526 1316 3
1595 1252 1788 1319 quae
1824 1232 1905 1299 id
1932 1232 2134 1301 circo

0 1333 194 1401 ralis
226 1341 558 1420 voca-tur,
592 1337 774 1423 quia
805 1343 1080 1406 natura
1110 1338 1364 1406 indita
1395 1345 1513 1407 est
1544 1360 1591 1407 a
1626 1339 1927 1408 Summo
1961 1342 2132 1429 ejus

0 1446 173 1527 tore,
215 1447 293 1510 et
325 1444 420 1511 ab
452 1444 619 1530 ipsa
651 1452 927 1513 natura
961 1446 1291 1515 docetur.

869 1588 1086 1643 XXVI.

0 1687 198 1774 Legis
252 1694 567 1756 naturae
616 1690 1125 1778 promulgatio
1177 1698 1292 1759 est
1343 1712 1439 1760 ex
1494 1692 1638 1760 hoc
1685 1693 1873 1778 ipso,
1916 1696 2122 1780 quod

0 1815 27 1863 s
46 1816 212 1862 eam
227 1797 606 1866 mentibus
621 1797 1007 1866 hominum
1027 1799 1662 1868 inseruit'natural
1669 1801 1812 1869 iter
1826 1822 2126 1889 cognos-

0 1905 189 1972 lam)
203 1905 220 1937 '
242 1907 267 1947 ¹

851 1998 1096 2052 xxvn.

0 2096 356 2177 Quoniam
390 2099 490 2165 ad
521 2099 939 2184 perdendas
972 2099 1307 2168 familias
1330 2100 1933 2188 frangendasque
1967 2122 2126 2189 reg-

0 2226 87 2272 [m
139 2226 318 2292 opes
370 2206 569 2273 nihil
619 2213 775 2275 tam
828 2209 1031 2275 valet
1085 2229 1311 2296 quam
1338 2210 1762 2296 corruptela
1796 2230 2110 2292 morum,

0 2335 42 2380 ‚e
73 2315 533 2400 perspicitur
560 2317 1052 2403 prosperitati
1085 2317 1551 2386 familiarum
1601 2339 1686 2385 ac
1720 2318 2118 2386 civitatum

0 2423 146 2490 ime
178 2423 493 2492 inimica
524 2445 682 2492 esse
708 2425 1120 2494 divortia.'’
1143 2428 1170 2468 2

848 2568 1127 2622 XXVIII.

0 2667 389 2754 )pificibus
423 2669 619 2737 coire
651 2670 730 2736 in
766 2669 1123 2737 sodalitia
1158 2669 1587 2737 utilitatum
1607 2670 1754 2737 sibi
1790 2690 2122 2755 compar-

0 2797 184 2844 lrum
240 2777 493 2864 gratia
553 2779 676 2864 jus
740 2783 874 2862 est,
916 2778 1199 2846 libente
1255 2778 1593 2846 Ecclesia
1653 2798 1788 2846 nec
1851 2798 2118 2864 repug-

0 2907 49 2954 e
81 2887 441 2954 natura.'’
463 2886 490 2928 ³

865 2994 1083 3047 XXIX.

0 3095 494 3183 >onginquior
554 3096 671 3163 vel
734 3096 1114 3182 operosior
1175 3095 1409 3179 labor,
1482 3102 1711 3182 atque
1773 3094 2126 3181 opinatio

0 3225 75 3272 ae
160 3205 524 3273 mercedis
602 3225 905 3272 causam
979 3225 1128 3272 non
1192 3225 1366 3272 raro
1448 3204 1637 3271 dant
1698 3203 2126 3272 artificibus

0 3314 295 3381 uobrem
377 3334 597 3399 opere
652 3334 728 3380 se
781 3314 1079 3381 solvant
1141 3334 1238 3380 ex
1319 3313 1754 3398 composito,
1815 3312 2122 3398 otioque

0 3429 101 3489 mt
131 3422 586 3491 voluntario.
689 3421 830 3490 Oui
865 3422 1173 3509 quidem
1222 3422 1695 3489 incommodo
1728 3420 2016 3487 usitato
2049 3428 2130 3488 et

0 3531 29 3597 i
62 3531 515 3598 medendum
549 3531 868 3617 publice,
911 3531 1094 3617 quia
1135 3550 1370 3617 genus
1411 3529 1625 3597 istud
1678 3528 2126 3597 cessationis

0 3640 209 3708 heros
241 3640 667 3723 dumtaxat,
711 3645 938 3727 atque
982 3638 1285 3725 opifices
1317 3639 1521 3724 ipsos
1554 3637 1785 3705 afficit
1817 3637 2118 3724 damno,

0 3748 432 3816 nercuturis
456 3749 667 3816 obest
697 3748 954 3834 reique
985 3747 1335 3833 publicae
1367 3746 1842 3815 utilitatibus
1873 3768 1888 3812 :
1927 3766 2126 3812 cum-

2 3857 211 3925 haud
264 3857 527 3944 procul
583 3877 742 3925 esse
797 3877 842 3924 a
874 3856 978 3922 vi.
1008 3856 1401 3942 turbisque
1460 3856 1721 3940 soleat,
1762 3874 2126 3939 saepenu-

0 3988 20 4034 ›
64 3966 705 4053 tranquillitatem
761 3965 1145 4052 publicam
1193 3964 1273 4031 in
1325 3963 1730 4031 discrimen
1775 3963 2122 4032 adducit.

33 4075 116 4142 in
166 4095 246 4143 re
296 4075 493 4141 illud
543 4074 785 4161 magis
836 4075 1100 4143 efficax
1151 4094 1236 4140 ac
1294 4072 1616 4156 salubre,
1660 4077 2133 4140 antevertere

0 4183 273 4252 oritate
324 4184 594 4270 legum,
659 4183 1090 4269 malumque
1124 4201 1215 4249 ne
1268 4200 1653 4265 erumpere
1686 4179 1930 4266 possit
1961 4199 2130 4266 pro-

4 4327 273 4387 Thomas,
302 4326 415 4377 1-2.
445 4326 529 4387 90,
558 4341 607 4378 a.
635 4327 685 4377 4.
717 4324 804 4378 ad.
835 4340 888 4391 q.
920 4328 966 4377 1.

0 4425 49 4462 o.
79 4408 248 4461 XIII.
323 4408 462 4462 Enc.
489 4408 839 4474 Lonyinqua.

0 4509 34 4546 o
59 4492 227 4546 XIII.
302 4492 437 4546 Euo.
468 4492 817 4557 Lonqinqua.
