<?xml version="1.0" encoding="UTF-8"?>
<!DOCTYPE html PUBLIC "-//W3C//DTD XHTML 1.0 Transitional//EN"
    "http://www.w3.org/TR/xhtml1/DTD/xhtml1-transitional.dtd">
<html xmlns="http://www.w3.org/1999/xhtml" xml:lang="en" lang="en">
 <head>
  <title>
</title>
<meta http-equiv="Content-Type" content="text/html;charset=utf-8" />
  <meta name='ocr-system' content='tesseract 3.04.00' />
  <meta name='ocr-capabilities' content='ocr_page ocr_carea ocr_par ocr_line ocrx_word'/>
</head>
<body>
  <div class='ocr_page' id='page_1' title='image "./thesesadlicenti00amergoog_0586.png"; bbox 0 0 3125 5317; ppageno 0'>
   <div class='ocr_carea' id='block_1_1' title="bbox 828 505 849 570">
    <p class='ocr_par' dir='ltr' id='par_1_1' title="bbox 828 505 849 570">
     <span class='ocr_line' id='line_1_1' title="bbox 828 505 849 570; baseline 0 0"><span class='ocrx_word' id='word_1_1' title='bbox 828 505 849 570; x_wconf 89' lang='lat'>8</span> 
     </span>
    </p>
   </div>
   <div class='ocr_carea' id='block_1_2' title="bbox 797 675 876 728">
    <p class='ocr_par' dir='ltr' id='par_1_2' title="bbox 797 675 876 728">
     <span class='ocr_line' id='line_1_2' title="bbox 797 675 876 728; baseline 0 0"><span class='ocrx_word' id='word_1_2' title='bbox 797 675 876 728; x_wconf 88' lang='lat' dir='ltr'>XIX.</span> 
     </span>
    </p>
   </div>
   <div class='ocr_carea' id='block_1_3' title="bbox 235 770 1438 2069">
    <p class='ocr_par' dir='ltr' id='par_1_3' title="bbox 236 770 1438 1516">
     <span class='ocr_line' id='line_1_3' title="bbox 284 770 1435 864; baseline -0.008 -19"><span class='ocrx_word' id='word_1_3' title='bbox 284 777 383 845; x_wconf 91' lang='lat' dir='ltr'>Ordo</span> <span class='ocrx_word' id='word_1_4' title='bbox 400 779 553 846; x_wconf 89' lang='lat' dir='ltr'>moralis</span> <span class='ocrx_word' id='word_1_5' title='bbox 573 779 716 864; x_wconf 84' lang='lat' dir='ltr'>duplex</span> <span class='ocrx_word' id='word_1_6' title='bbox 742 785 809 860; x_wconf 87' lang='lat' dir='ltr'>est,</span> <span class='ocrx_word' id='word_1_7' title='bbox 841 778 1028 846; x_wconf 90' lang='lat' dir='ltr'>naturalis</span> <span class='ocrx_word' id='word_1_8' title='bbox 1054 783 1092 844; x_wconf 88' lang='lat' dir='ltr'>et</span> <span class='ocrx_word' id='word_1_9' title='bbox 1117 770 1435 860; x_wconf 82' lang='lat' dir='ltr'>supernaturalis3</span> 
     </span>
     <span class='ocr_line' id='line_1_4' title="bbox 237 880 1438 970; baseline -0.006 -18"><span class='ocrx_word' id='word_1_10' title='bbox 237 887 423 954; x_wconf 87' lang='lat' dir='ltr'>naturalis</span> <span class='ocrx_word' id='word_1_11' title='bbox 440 887 479 952; x_wconf 92' lang='lat' dir='ltr'>in</span> <span class='ocrx_word' id='word_1_12' title='bbox 497 893 632 954; x_wconf 87' lang='lat' dir='ltr'>natura</span> <span class='ocrx_word' id='word_1_13' title='bbox 650 887 814 954; x_wconf 90' lang='lat' dir='ltr'>hominis</span> <span class='ocrx_word' id='word_1_14' title='bbox 831 887 1025 969; x_wconf 86' lang='lat' dir='ltr'>fundatur,</span> <span class='ocrx_word' id='word_1_15' title='bbox 1047 893 1161 970; x_wconf 88' lang='lat' dir='ltr'>atque</span> <span class='ocrx_word' id='word_1_16' title='bbox 1178 880 1382 968; x_wconf 81' lang='lat' dir='ltr'>capacitati</span> <span class='ocrx_word' id='word_1_17' title='bbox 1398 885 1438 945; x_wconf 86' lang='lat' dir='ltr'>et</span> 
     </span>
     <span class='ocr_line' id='line_1_5' title="bbox 236 982 1436 1082; baseline -0.006 -20"><span class='ocrx_word' id='word_1_18' title='bbox 236 982 450 1082; x_wconf 74' lang='lat' dir='ltr'>exigentiae</span> <span class='ocrx_word' id='word_1_19' title='bbox 467 1002 624 1062; x_wconf 85' lang='lat' dir='ltr'>naturae</span> <span class='ocrx_word' id='word_1_20' title='bbox 641 996 925 1081; x_wconf 84' lang='lat' dir='ltr'>correspondet3</span> <span class='ocrx_word' id='word_1_21' title='bbox 951 992 1251 1080; x_wconf 88' lang='lat' dir='ltr'>supernaturalis</span> <span class='ocrx_word' id='word_1_22' title='bbox 1262 991 1302 1056; x_wconf 91' lang='lat' dir='ltr'>iu</span> <span class='ocrx_word' id='word_1_23' title='bbox 1318 989 1436 1056; x_wconf 92' lang='lat' dir='ltr'>libero</span> 
     </span>
     <span class='ocr_line' id='line_1_6' title="bbox 236 1100 1437 1190; baseline -0.006 -20"><span class='ocrx_word' id='word_1_24' title='bbox 236 1103 308 1170; x_wconf 91' lang='lat' dir='ltr'>Dei</span> <span class='ocrx_word' id='word_1_25' title='bbox 325 1105 560 1190; x_wconf 90' lang='lat' dir='ltr'>beneplacito</span> <span class='ocrx_word' id='word_1_26' title='bbox 587 1105 735 1188; x_wconf 86' lang='lat' dir='ltr'>nititur,</span> <span class='ocrx_word' id='word_1_27' title='bbox 768 1111 883 1190; x_wconf 88' lang='lat' dir='ltr'>atque</span> <span class='ocrx_word' id='word_1_28' title='bbox 911 1105 1157 1189; x_wconf 83' lang='lat' dir='ltr'>capacitatem</span> <span class='ocrx_word' id='word_1_29' title='bbox 1192 1100 1437 1184; x_wconf 87' lang='lat' dir='ltr'>debitumque</span> 
     </span>
     <span class='ocr_line' id='line_1_7' title="bbox 236 1206 1436 1289; baseline -0.006 -11"><span class='ocrx_word' id='word_1_30' title='bbox 236 1221 393 1281; x_wconf 88' lang='lat' dir='ltr'>naturae</span> <span class='ocrx_word' id='word_1_31' title='bbox 415 1213 601 1280; x_wconf 86' lang='lat' dir='ltr'>humanae</span> <span class='ocrx_word' id='word_1_32' title='bbox 627 1213 871 1289; x_wconf 86' lang='lat' dir='ltr'>transcendit.</span> <span class='ocrx_word' id='word_1_33' title='bbox 925 1213 1088 1280; x_wconf 85' lang='lat' dir='ltr'>Scientia</span> <span class='ocrx_word' id='word_1_34' title='bbox 1114 1209 1258 1278; x_wconf 88' lang='lat' dir='ltr'>ordinis</span> <span class='ocrx_word' id='word_1_35' title='bbox 1284 1206 1436 1273; x_wconf 89' lang='lat' dir='ltr'>moralis</span> 
     </span>
     <span class='ocr_line' id='line_1_8' title="bbox 237 1315 1436 1408; baseline -0.006 -21"><span class='ocrx_word' id='word_1_36' title='bbox 237 1322 423 1390; x_wconf 88' lang='lat' dir='ltr'>naturalis</span> <span class='ocrx_word' id='word_1_37' title='bbox 439 1329 496 1389; x_wconf 88' lang='lat' dir='ltr'>est</span> <span class='ocrx_word' id='word_1_38' title='bbox 521 1321 765 1408; x_wconf 85' lang='lat' dir='ltr'>philosophia</span> <span class='ocrx_word' id='word_1_39' title='bbox 791 1322 966 1404; x_wconf 90' lang='lat' dir='ltr'>moralis;</span> <span class='ocrx_word' id='word_1_40' title='bbox 993 1320 1151 1388; x_wconf 90' lang='lat' dir='ltr'>scientia</span> <span class='ocrx_word' id='word_1_41' title='bbox 1180 1339 1264 1385; x_wconf 85' lang='lat' dir='ltr'>vero</span> <span class='ocrx_word' id='word_1_42' title='bbox 1290 1315 1436 1384; x_wconf 87' lang='lat' dir='ltr'>ordinis</span> 
     </span>
     <span class='ocr_line' id='line_1_9' title="bbox 237 1430 1164 1516; baseline -0.002 -20"><span class='ocrx_word' id='word_1_43' title='bbox 237 1431 389 1498; x_wconf 90' lang='lat' dir='ltr'>moralis</span> <span class='ocrx_word' id='word_1_44' title='bbox 406 1431 705 1516; x_wconf 88' lang='lat' dir='ltr'>supernaturalis</span> <span class='ocrx_word' id='word_1_45' title='bbox 722 1437 779 1498; x_wconf 87' lang='lat' dir='ltr'>est</span> <span class='ocrx_word' id='word_1_46' title='bbox 796 1431 985 1516; x_wconf 88' lang='lat' dir='ltr'>theologia</span> <span class='ocrx_word' id='word_1_47' title='bbox 1002 1430 1164 1496; x_wconf 86' lang='lat' dir='ltr'>moralis.</span> 
     </span>
    </p>

    <p class='ocr_par' dir='ltr' id='par_1_4' title="bbox 803 1555 867 1608">
     <span class='ocr_line' id='line_1_10' title="bbox 803 1555 867 1608; baseline 0 0"><span class='ocrx_word' id='word_1_48' title='bbox 803 1555 867 1608; x_wconf 89' lang='lat' dir='ltr'>XX.</span> 
     </span>
    </p>

    <p class='ocr_par' dir='ltr' id='par_1_5' title="bbox 235 1652 1435 2069">
     <span class='ocr_line' id='line_1_11' title="bbox 283 1652 1435 1742; baseline -0.002 -20"><span class='ocrx_word' id='word_1_49' title='bbox 283 1659 327 1723; x_wconf 92' lang='lat' dir='ltr'>In</span> <span class='ocrx_word' id='word_1_50' title='bbox 351 1658 509 1724; x_wconf 86' lang='lat' dir='ltr'>scientia</span> <span class='ocrx_word' id='word_1_51' title='bbox 540 1659 673 1725; x_wconf 91' lang='lat' dir='ltr'>morali</span> <span class='ocrx_word' id='word_1_52' title='bbox 706 1657 872 1742; x_wconf 88' lang='lat' dir='ltr'>supremi</span> <span class='ocrx_word' id='word_1_53' title='bbox 898 1657 1076 1724; x_wconf 91' lang='lat' dir='ltr'>momenti</span> <span class='ocrx_word' id='word_1_54' title='bbox 1102 1662 1159 1723; x_wconf 90' lang='lat' dir='ltr'>est</span> <span class='ocrx_word' id='word_1_55' title='bbox 1185 1652 1435 1722; x_wconf 89' lang='lat' dir='ltr'>consideratio</span> 
     </span>
     <span class='ocr_line' id='line_1_12' title="bbox 236 1763 1434 1852; baseline -0.004 -21"><span class='ocrx_word' id='word_1_56' title='bbox 236 1766 321 1832; x_wconf 90' lang='lat' dir='ltr'>finis</span> <span class='ocrx_word' id='word_1_57' title='bbox 337 1766 465 1833; x_wconf 90' lang='lat' dir='ltr'>ultimi</span> <span class='ocrx_word' id='word_1_58' title='bbox 482 1766 667 1832; x_wconf 91' lang='lat' dir='ltr'>hominis:</span> <span class='ocrx_word' id='word_1_59' title='bbox 700 1765 906 1852; x_wconf 85' lang='lat' dir='ltr'>“Cognitis</span> <span class='ocrx_word' id='word_1_60' title='bbox 924 1765 1022 1833; x_wconf 90' lang='lat' dir='ltr'>enim</span> <span class='ocrx_word' id='word_1_61' title='bbox 1041 1785 1161 1833; x_wconf 88' lang='lat' dir='ltr'>rerum</span> <span class='ocrx_word' id='word_1_62' title='bbox 1180 1763 1329 1843; x_wconf 88' lang='lat' dir='ltr'>finibus,</span> <span class='ocrx_word' id='word_1_63' title='bbox 1350 1782 1434 1828; x_wconf 91' lang='lat' dir='ltr'>cum</span> 
     </span>
     <span class='ocr_line' id='line_1_13' title="bbox 235 1872 1430 1961; baseline -0.003 -22"><span class='ocrx_word' id='word_1_64' title='bbox 235 1875 473 1961; x_wconf 87' lang='lat' dir='ltr'>intelligatur</span> <span class='ocrx_word' id='word_1_65' title='bbox 497 1875 590 1961; x_wconf 92' lang='lat' dir='ltr'>quid</span> <span class='ocrx_word' id='word_1_66' title='bbox 615 1875 666 1942; x_wconf 90' lang='lat' dir='ltr'>sit</span> <span class='ocrx_word' id='word_1_67' title='bbox 691 1880 729 1941; x_wconf 86' lang='lat' dir='ltr'>et</span> <span class='ocrx_word' id='word_1_68' title='bbox 745 1875 925 1940; x_wconf 91' lang='lat' dir='ltr'>bonorum</span> <span class='ocrx_word' id='word_1_69' title='bbox 950 1881 1156 1941; x_wconf 84' lang='lat' dir='ltr'>extremum</span> <span class='ocrx_word' id='word_1_70' title='bbox 1183 1872 1430 1953; x_wconf 88' lang='lat' dir='ltr'>etmalorum,</span> 
     </span>
     <span class='ocr_line' id='line_1_14' title="bbox 236 1980 1430 2069; baseline -0.004 -20"><span class='ocrx_word' id='word_1_71' title='bbox 236 1984 388 2050; x_wconf 87' lang='lat' dir='ltr'>inventa</span> <span class='ocrx_word' id='word_1_72' title='bbox 399 1984 500 2050; x_wconf 86' lang='lat' dir='ltr'>vitae</span> <span class='ocrx_word' id='word_1_73' title='bbox 512 1984 574 2050; x_wconf 88' lang='lat' dir='ltr'>via</span> <span class='ocrx_word' id='word_1_74' title='bbox 587 1991 654 2066; x_wconf 89' lang='lat' dir='ltr'>est,</span> <span class='ocrx_word' id='word_1_75' title='bbox 672 1983 993 2069; x_wconf 85' lang='lat' dir='ltr'>conformatioque</span> <span class='ocrx_word' id='word_1_76' title='bbox 1006 1983 1171 2050; x_wconf 88' lang='lat' dir='ltr'>omnium</span> <span class='ocrx_word' id='word_1_77' title='bbox 1185 1980 1430 2050; x_wconf 86' lang='lat' dir='ltr'>officiorum.&#39;’</span> 
     </span>
    </p>
   </div>
   <div class='ocr_carea' id='block_1_4' title="bbox 988 2089 1331 2153">
    <p class='ocr_par' dir='ltr' id='par_1_6' title="bbox 988 2089 1331 2153">
     <span class='ocr_line' id='line_1_15' title="bbox 988 2089 1331 2153; baseline -0.003 -11"><span class='ocrx_word' id='word_1_78' title='bbox 988 2091 1102 2153; x_wconf 77' lang='lat' dir='ltr'>Tullius,</span> <span class='ocrx_word' id='word_1_79' title='bbox 1114 2091 1154 2142; x_wconf 77' lang='lat' dir='ltr'>De</span> <span class='ocrx_word' id='word_1_80' title='bbox 1166 2089 1244 2150; x_wconf 65' lang='lat' dir='ltr'>nina,</span> <span class='ocrx_word' id='word_1_81' title='bbox 1266 2089 1294 2142; x_wconf 89' lang='lat' dir='ltr'>V.</span> <span class='ocrx_word' id='word_1_82' title='bbox 1307 2090 1331 2141; x_wconf 84' lang='grc'>6.</span> 
     </span>
    </p>
   </div>
   <div class='ocr_carea' id='block_1_5' title="bbox 795 2157 874 2210">
    <p class='ocr_par' dir='ltr' id='par_1_7' title="bbox 795 2157 874 2210">
     <span class='ocr_line' id='line_1_16' title="bbox 795 2157 874 2210; baseline 0 0"><span class='ocrx_word' id='word_1_83' title='bbox 795 2157 874 2210; x_wconf 91' lang='lat' dir='ltr'>XXl.</span> 
     </span>
    </p>
   </div>
   <div class='ocr_carea' id='block_1_6' title="bbox 232 2257 1437 3668">
    <p class='ocr_par' dir='ltr' id='par_1_8' title="bbox 281 2257 1434 2346">
     <span class='ocr_line' id='line_1_17' title="bbox 281 2257 1434 2346; baseline -0.002 -22"><span class='ocrx_word' id='word_1_84' title='bbox 281 2260 387 2325; x_wconf 81' lang='lat' dir='ltr'>Finis</span> <span class='ocrx_word' id='word_1_85' title='bbox 404 2260 452 2326; x_wconf 94' lang='lat' dir='ltr'>ad</span> <span class='ocrx_word' id='word_1_86' title='bbox 470 2280 578 2346; x_wconf 89' lang='lat' dir='ltr'>quem</span> <span class='ocrx_word' id='word_1_87' title='bbox 598 2260 707 2327; x_wconf 92' lang='lat' dir='ltr'>homo</span> <span class='ocrx_word' id='word_1_88' title='bbox 724 2261 938 2327; x_wconf 86' lang='lat' dir='ltr'>destinatur</span> <span class='ocrx_word' id='word_1_89' title='bbox 951 2267 1007 2328; x_wconf 87' lang='lat' dir='ltr'>est</span> <span class='ocrx_word' id='word_1_90' title='bbox 1018 2259 1121 2326; x_wconf 90' lang='lat' dir='ltr'>Deus</span> <span class='ocrx_word' id='word_1_91' title='bbox 1135 2267 1214 2326; x_wconf 92' lang='lat' dir='ltr'>tum</span> <span class='ocrx_word' id='word_1_92' title='bbox 1225 2257 1434 2344; x_wconf 85' lang='lat' dir='ltr'>glorifican-</span> 
     </span>
    </p>

    <p class='ocr_par' dir='ltr' id='par_1_9' title="bbox 236 2369 884 2547">
     <span class='ocr_line' id='line_1_18' title="bbox 236 2369 823 2454; baseline 0.002 -20"><span class='ocrx_word' id='word_1_93' title='bbox 236 2369 318 2451; x_wconf 75' lang='lat' dir='ltr'>duS,</span> <span class='ocrx_word' id='word_1_94' title='bbox 340 2375 417 2435; x_wconf 89' lang='lat' dir='ltr'>turn</span> <span class='ocrx_word' id='word_1_95' title='bbox 437 2370 544 2436; x_wconf 89' lang='lat' dir='ltr'>beate</span> <span class='ocrx_word' id='word_1_96' title='bbox 561 2369 823 2454; x_wconf 90' lang='lat' dir='ltr'>possidendus.</span> 
     </span>
     <span class='ocr_line' id='line_1_19' title="bbox 790 2495 884 2547; baseline 0 0"><span class='ocrx_word' id='word_1_97' title='bbox 790 2495 884 2547; x_wconf 82' lang='lat' dir='ltr'>XXII.</span> 
     </span>
    </p>

    <p class='ocr_par' dir='ltr' id='par_1_10' title="bbox 233 2594 1437 3008">
     <span class='ocr_line' id='line_1_20' title="bbox 281 2594 1437 2678; baseline 0 -18"><span class='ocrx_word' id='word_1_98' title='bbox 281 2594 491 2662; x_wconf 90' lang='lat' dir='ltr'>Discrimen</span> <span class='ocrx_word' id='word_1_99' title='bbox 523 2595 621 2662; x_wconf 89' lang='lat' dir='ltr'>inter</span> <span class='ocrx_word' id='word_1_100' title='bbox 649 2597 816 2663; x_wconf 89' lang='lat' dir='ltr'>actiones</span> <span class='ocrx_word' id='word_1_101' title='bbox 842 2597 958 2664; x_wconf 90' lang='lat' dir='ltr'>bonas</span> <span class='ocrx_word' id='word_1_102' title='bbox 984 2602 1022 2662; x_wconf 88' lang='lat' dir='ltr'>et</span> <span class='ocrx_word' id='word_1_103' title='bbox 1046 2595 1175 2678; x_wconf 90' lang='lat' dir='ltr'>malas,</span> <span class='ocrx_word' id='word_1_104' title='bbox 1198 2595 1372 2661; x_wconf 90' lang='lat' dir='ltr'>honestas</span> <span class='ocrx_word' id='word_1_105' title='bbox 1398 2601 1437 2660; x_wconf 85' lang='lat' dir='ltr'>et</span> 
     </span>
     <span class='ocr_line' id='line_1_21' title="bbox 234 2693 1436 2789; baseline 0 -21"><span class='ocrx_word' id='word_1_106' title='bbox 234 2709 373 2788; x_wconf 84' lang='lat' dir='ltr'>turpes,</span> <span class='ocrx_word' id='word_1_107' title='bbox 385 2709 523 2770; x_wconf 90' lang='lat' dir='ltr'>remote</span> <span class='ocrx_word' id='word_1_108' title='bbox 530 2703 681 2789; x_wconf 86' lang='lat' dir='ltr'>quidem</span> <span class='ocrx_word' id='word_1_109' title='bbox 694 2704 879 2771; x_wconf 87' lang='lat' dir='ltr'>fundatur</span> <span class='ocrx_word' id='word_1_110' title='bbox 890 2705 929 2770; x_wconf 88' lang='lat' dir='ltr'>in</span> <span class='ocrx_word' id='word_1_111' title='bbox 940 2693 1436 2788; x_wconf 84' lang='lat' dir='ltr'>essentiadivina,proxime</span> 
     </span>
     <span class='ocr_line' id='line_1_22' title="bbox 234 2811 1435 2899; baseline -0.002 -21"><span class='ocrx_word' id='word_1_112' title='bbox 234 2817 359 2878; x_wconf 88' lang='lat' dir='ltr'>autem</span> <span class='ocrx_word' id='word_1_113' title='bbox 377 2811 416 2878; x_wconf 92' lang='lat' dir='ltr'>in</span> <span class='ocrx_word' id='word_1_114' title='bbox 435 2812 599 2878; x_wconf 90' lang='lat' dir='ltr'>humana</span> <span class='ocrx_word' id='word_1_115' title='bbox 615 2819 752 2879; x_wconf 89' lang='lat' dir='ltr'>natura</span> <span class='ocrx_word' id='word_1_116' title='bbox 768 2814 951 2899; x_wconf 87' lang='lat' dir='ltr'>complete</span> <span class='ocrx_word' id='word_1_117' title='bbox 969 2819 1149 2898; x_wconf 89' lang='lat' dir='ltr'>spectata,</span> <span class='ocrx_word' id='word_1_118' title='bbox 1164 2818 1277 2898; x_wconf 90' lang='lat' dir='ltr'>atque</span> <span class='ocrx_word' id='word_1_119' title='bbox 1288 2811 1381 2879; x_wconf 88' lang='lat' dir='ltr'>adeo</span> <span class='ocrx_word' id='word_1_120' title='bbox 1394 2811 1435 2876; x_wconf 93' lang='lat' dir='ltr'>in</span> 
     </span>
     <span class='ocr_line' id='line_1_23' title="bbox 233 2920 955 3008; baseline 0.003 -23"><span class='ocrx_word' id='word_1_121' title='bbox 233 2921 305 2986; x_wconf 88' lang='lat' dir='ltr'>fine</span> <span class='ocrx_word' id='word_1_122' title='bbox 322 2941 344 2986; x_wconf 88' lang='lat' dir='ltr'>a</span> <span class='ocrx_word' id='word_1_123' title='bbox 361 2920 534 2988; x_wconf 74' lang='lat' dir='ltr'>creatore</span> <span class='ocrx_word' id='word_1_124' title='bbox 551 2921 695 2988; x_wconf 91' lang='lat' dir='ltr'>homini</span> <span class='ocrx_word' id='word_1_125' title='bbox 713 2923 955 3008; x_wconf 86' lang='lat' dir='ltr'>praescripto.</span> 
     </span>
    </p>

    <p class='ocr_par' dir='ltr' id='par_1_11' title="bbox 780 3046 891 3099">
     <span class='ocr_line' id='line_1_24' title="bbox 780 3046 891 3099; baseline 0.009 -1"><span class='ocrx_word' id='word_1_126' title='bbox 780 3046 891 3099; x_wconf 88' lang='lat' dir='ltr'>XXllI.</span> 
     </span>
    </p>

    <p class='ocr_par' dir='ltr' id='par_1_12' title="bbox 232 3147 1435 3668">
     <span class='ocr_line' id='line_1_25' title="bbox 279 3147 1432 3234; baseline 0.001 -23"><span class='ocrx_word' id='word_1_127' title='bbox 279 3147 355 3212; x_wconf 88' lang='lat' dir='ltr'>The</span> <span class='ocrx_word' id='word_1_128' title='bbox 379 3153 519 3233; x_wconf 88' lang='lat' dir='ltr'>system</span> <span class='ocrx_word' id='word_1_129' title='bbox 545 3147 584 3214; x_wconf 83' lang='lat' dir='ltr'>of</span> <span class='ocrx_word' id='word_1_130' title='bbox 609 3147 897 3215; x_wconf 87' lang='lat' dir='ltr'>utilitarianism</span> <span class='ocrx_word' id='word_1_131' title='bbox 931 3169 971 3216; x_wconf 91' lang='lat' dir='ltr'>as</span> <span class='ocrx_word' id='word_1_132' title='bbox 1004 3149 1230 3234; x_wconf 89' lang='lat' dir='ltr'>expounded</span> <span class='ocrx_word' id='word_1_133' title='bbox 1255 3149 1306 3234; x_wconf 83' lang='lat' dir='ltr'>by</span> <span class='ocrx_word' id='word_1_134' title='bbox 1332 3147 1432 3214; x_wconf 88' lang='lat' dir='ltr'>John</span> 
     </span>
     <span class='ocr_line' id='line_1_26' title="bbox 235 3255 1434 3344; baseline -0.001 -22"><span class='ocrx_word' id='word_1_135' title='bbox 235 3257 365 3322; x_wconf 87' lang='lat' dir='ltr'>Stuart</span> <span class='ocrx_word' id='word_1_136' title='bbox 382 3255 466 3321; x_wconf 91' lang='lat' dir='ltr'>Mill</span> <span class='ocrx_word' id='word_1_137' title='bbox 485 3256 517 3321; x_wconf 90' lang='lat' dir='ltr'>is</span> <span class='ocrx_word' id='word_1_138' title='bbox 535 3255 719 3324; x_wconf 85' lang='lat' dir='ltr'>defective</span> <span class='ocrx_word' id='word_1_139' title='bbox 736 3257 776 3322; x_wconf 94' lang='lat' dir='ltr'>in</span> <span class='ocrx_word' id='word_1_140' title='bbox 795 3257 951 3344; x_wconf 86' lang='lat' dir='ltr'>making</span> <span class='ocrx_word' id='word_1_141' title='bbox 971 3257 1036 3324; x_wconf 90' lang='lat' dir='ltr'>the</span> <span class='ocrx_word' id='word_1_142' title='bbox 1062 3256 1267 3342; x_wconf 88' lang='lat' dir='ltr'>happiness</span> <span class='ocrx_word' id='word_1_143' title='bbox 1284 3257 1323 3323; x_wconf 86' lang='lat' dir='ltr'>of</span> <span class='ocrx_word' id='word_1_144' title='bbox 1347 3277 1434 3323; x_wconf 87' lang='lat' dir='ltr'>man</span> 
     </span>
     <span class='ocr_line' id='line_1_27' title="bbox 233 3364 1434 3452; baseline 0 -21"><span class='ocrx_word' id='word_1_145' title='bbox 233 3364 297 3431; x_wconf 91' lang='lat' dir='ltr'>the</span> <span class='ocrx_word' id='word_1_146' title='bbox 326 3364 499 3431; x_wconf 89' lang='lat' dir='ltr'>ultimate</span> <span class='ocrx_word' id='word_1_147' title='bbox 526 3365 708 3432; x_wconf 88' lang='lat' dir='ltr'>standard</span> <span class='ocrx_word' id='word_1_148' title='bbox 726 3365 766 3432; x_wconf 85' lang='lat' dir='ltr'>of</span> <span class='ocrx_word' id='word_1_149' title='bbox 790 3365 991 3452; x_wconf 83' lang='lat' dir='ltr'>morality3</span> <span class='ocrx_word' id='word_1_150' title='bbox 1017 3365 1076 3432; x_wconf 81' lang='lat' dir='ltr'>for</span> <span class='ocrx_word' id='word_1_151' title='bbox 1105 3366 1308 3451; x_wconf 87' lang='lat' dir='ltr'>happiness</span> <span class='ocrx_word' id='word_1_152' title='bbox 1332 3365 1434 3431; x_wconf 87' lang='lat' dir='ltr'>flows</span> 
     </span>
     <span class='ocr_line' id='line_1_28' title="bbox 233 3472 1432 3559; baseline 0.002 -21"><span class='ocrx_word' id='word_1_153' title='bbox 233 3472 327 3540; x_wconf 85' lang='lat' dir='ltr'>from</span> <span class='ocrx_word' id='word_1_154' title='bbox 346 3473 516 3539; x_wconf 88' lang='lat' dir='ltr'>virtuous</span> <span class='ocrx_word' id='word_1_155' title='bbox 534 3473 669 3557; x_wconf 88' lang='lat' dir='ltr'>action,</span> <span class='ocrx_word' id='word_1_156' title='bbox 691 3475 766 3540; x_wconf 87' lang='lat' dir='ltr'>and</span> <span class='ocrx_word' id='word_1_157' title='bbox 785 3481 851 3542; x_wconf 88' lang='lat' dir='ltr'>not</span> <span class='ocrx_word' id='word_1_158' title='bbox 864 3475 943 3542; x_wconf 87' lang='lat' dir='ltr'>vice</span> <span class='ocrx_word' id='word_1_159' title='bbox 956 3495 1062 3541; x_wconf 88' lang='lat' dir='ltr'>versa</span> <span class='ocrx_word' id='word_1_160' title='bbox 1077 3499 1085 3555; x_wconf 85' lang='lat'>3</span> <span class='ocrx_word' id='word_1_161' title='bbox 1112 3482 1177 3541; x_wconf 88' lang='lat' dir='ltr'>not</span> <span class='ocrx_word' id='word_1_162' title='bbox 1187 3473 1327 3540; x_wconf 88' lang='lat' dir='ltr'>human</span> <span class='ocrx_word' id='word_1_163' title='bbox 1342 3474 1432 3559; x_wconf 85' lang='lat' dir='ltr'>hap-</span> 
     </span>
     <span class='ocr_line' id='line_1_29' title="bbox 232 3581 1435 3668; baseline 0.002 -21"><span class='ocrx_word' id='word_1_164' title='bbox 232 3581 368 3667; x_wconf 88' lang='lat' dir='ltr'>piness,</span> <span class='ocrx_word' id='word_1_165' title='bbox 390 3582 459 3648; x_wconf 85' lang='lat' dir='ltr'>but</span> <span class='ocrx_word' id='word_1_166' title='bbox 476 3582 540 3648; x_wconf 85' lang='lat' dir='ltr'>the</span> <span class='ocrx_word' id='word_1_167' title='bbox 557 3583 666 3649; x_wconf 89' lang='lat' dir='ltr'>order</span> <span class='ocrx_word' id='word_1_168' title='bbox 682 3583 914 3650; x_wconf 88' lang='lat' dir='ltr'>established</span> <span class='ocrx_word' id='word_1_169' title='bbox 933 3584 982 3668; x_wconf 87' lang='lat' dir='ltr'>by</span> <span class='ocrx_word' id='word_1_170' title='bbox 1000 3583 1083 3651; x_wconf 81' lang='lat' dir='ltr'>God</span> <span class='ocrx_word' id='word_1_171' title='bbox 1106 3583 1139 3649; x_wconf 95' lang='lat' dir='ltr'>is</span> <span class='ocrx_word' id='word_1_172' title='bbox 1155 3583 1220 3650; x_wconf 91' lang='lat' dir='ltr'>the</span> <span class='ocrx_word' id='word_1_173' title='bbox 1246 3584 1336 3650; x_wconf 86' lang='lat' dir='ltr'>final</span> <span class='ocrx_word' id='word_1_174' title='bbox 1358 3590 1435 3650; x_wconf 90' lang='lat' dir='ltr'>test</span> 
     </span>
    </p>
   </div>
   <div class='ocr_carea' id='block_1_7' title="bbox 233 3690 1330 3844">
    <p class='ocr_par' dir='ltr' id='par_1_13' title="bbox 233 3690 1330 3844">
     <span class='ocr_line' id='line_1_30' title="bbox 233 3690 1330 3844; baseline 0.06 -89"><span class='ocrx_word' id='word_1_175' title='bbox 233 3691 272 3756; x_wconf 86' lang='lat' dir='ltr'>of</span> <span class='ocrx_word' id='word_1_176' title='bbox 297 3690 488 3776; x_wconf 82' lang='lat' dir='ltr'>moralrty.</span> <span class='ocrx_word' id='word_1_177' title='bbox 665 3783 751 3833; x_wconf 69' lang='lat' dir='ltr'>Muta</span> <span class='ocrx_word' id='word_1_178' title='bbox 763 3783 956 3835; x_wconf 55' lang='lat' dir='ltr'><em>Dmmwm</em></span> <span class='ocrx_word' id='word_1_179' title='bbox 968 3799 985 3834; x_wconf 76' lang='lat' dir='ltr'>a</span> <span class='ocrx_word' id='word_1_180' title='bbox 987 3784 1025 3834; x_wconf 74' lang='lat' dir='ltr'>aa</span> <span class='ocrx_word' id='word_1_181' title='bbox 1037 3783 1216 3844; x_wconf 48' lang='lat' dir='ltr'><em>Momm,</em></span> <span class='ocrx_word' id='word_1_182' title='bbox 1238 3783 1292 3836; x_wconf 52' lang='lat' dir='ltr'>pol,</span> <span class='ocrx_word' id='word_1_183' title='bbox 1306 3785 1330 3836; x_wconf 83' lang='lat'>3.</span> 
     </span>
    </p>
   </div>
   <div class='ocr_carea' id='block_1_8' title="bbox 232 3883 1433 4514">
    <p class='ocr_par' dir='ltr' id='par_1_14' title="bbox 778 3883 886 3937">
     <span class='ocr_line' id='line_1_31' title="bbox 778 3883 886 3937; baseline 0.019 -2"><span class='ocrx_word' id='word_1_184' title='bbox 778 3883 886 3937; x_wconf 87' lang='lat' dir='ltr'>XXIV.</span> 
     </span>
    </p>

    <p class='ocr_par' dir='ltr' id='par_1_15' title="bbox 232 3983 1431 4272">
     <span class='ocr_line' id='line_1_32' title="bbox 278 3983 1431 4072; baseline 0.005 -25"><span class='ocrx_word' id='word_1_185' title='bbox 278 3983 383 4050; x_wconf 89' lang='lat' dir='ltr'>Juris</span> <span class='ocrx_word' id='word_1_186' title='bbox 400 3983 688 4052; x_wconf 83' lang='lat' dir='ltr'>fundamentum</span> <span class='ocrx_word' id='word_1_187' title='bbox 708 3992 847 4053; x_wconf 91' lang='lat' dir='ltr'>remote</span> <span class='ocrx_word' id='word_1_188' title='bbox 865 3986 1050 4053; x_wconf 82' lang='lat' dir='ltr'>fundatur</span> <span class='ocrx_word' id='word_1_189' title='bbox 1066 3987 1106 4052; x_wconf 96' lang='lat' dir='ltr'>in</span> <span class='ocrx_word' id='word_1_190' title='bbox 1124 3987 1287 4054; x_wconf 89' lang='lat' dir='ltr'>essentia</span> <span class='ocrx_word' id='word_1_191' title='bbox 1303 3993 1340 4072; x_wconf 91' lang='lat' dir='ltr'>et</span> <span class='ocrx_word' id='word_1_192' title='bbox 1356 3988 1431 4053; x_wconf 88' lang='lat' dir='ltr'>vol-</span> 
     </span>
     <span class='ocr_line' id='line_1_33' title="bbox 232 4092 1429 4178; baseline 0.003 -20"><span class='ocrx_word' id='word_1_193' title='bbox 232 4098 364 4159; x_wconf 89' lang='lat' dir='ltr'>untate</span> <span class='ocrx_word' id='word_1_194' title='bbox 381 4092 522 4175; x_wconf 89' lang='lat' dir='ltr'>divina,</span> <span class='ocrx_word' id='word_1_195' title='bbox 544 4094 713 4178; x_wconf 89' lang='lat' dir='ltr'>proxime</span> <span class='ocrx_word' id='word_1_196' title='bbox 727 4095 767 4160; x_wconf 92' lang='lat' dir='ltr'>in</span> <span class='ocrx_word' id='word_1_197' title='bbox 782 4095 947 4161; x_wconf 89' lang='lat' dir='ltr'>humana</span> <span class='ocrx_word' id='word_1_198' title='bbox 964 4101 1100 4162; x_wconf 89' lang='lat' dir='ltr'>natura</span> <span class='ocrx_word' id='word_1_199' title='bbox 1114 4103 1152 4163; x_wconf 90' lang='lat' dir='ltr'>et</span> <span class='ocrx_word' id='word_1_200' title='bbox 1164 4096 1429 4163; x_wconf 86' lang='lat' dir='ltr'>destinatione.</span> 
     </span>
     <span class='ocr_line' id='line_1_34' title="bbox 788 4219 880 4272; baseline 0.022 -2"><span class='ocrx_word' id='word_1_201' title='bbox 788 4219 880 4272; x_wconf 85' lang='lat' dir='ltr'>XXV.</span> 
     </span>
    </p>

    <p class='ocr_par' dir='ltr' id='par_1_16' title="bbox 232 4319 1433 4514">
     <span class='ocr_line' id='line_1_35' title="bbox 278 4319 1433 4413; baseline 0.005 -29"><span class='ocrx_word' id='word_1_202' title='bbox 278 4319 382 4385; x_wconf 89' lang='lat' dir='ltr'>Licet</span> <span class='ocrx_word' id='word_1_203' title='bbox 399 4320 483 4385; x_wconf 91' lang='lat' dir='ltr'>dari</span> <span class='ocrx_word' id='word_1_204' title='bbox 500 4321 620 4404; x_wconf 87' lang='lat' dir='ltr'>possit</span> <span class='ocrx_word' id='word_1_205' title='bbox 638 4322 727 4387; x_wconf 88' lang='lat' dir='ltr'>mali</span> <span class='ocrx_word' id='word_1_206' title='bbox 749 4322 957 4406; x_wconf 89' lang='lat' dir='ltr'>permissio,</span> <span class='ocrx_word' id='word_1_207' title='bbox 980 4327 1105 4388; x_wconf 89' lang='lat' dir='ltr'>tamen</span> <span class='ocrx_word' id='word_1_208' title='bbox 1133 4323 1262 4390; x_wconf 89' lang='lat' dir='ltr'>haberi</span> <span class='ocrx_word' id='word_1_209' title='bbox 1280 4343 1352 4413; x_wconf 87' lang='lat' dir='ltr'>non</span> <span class='ocrx_word' id='word_1_210' title='bbox 1370 4343 1433 4408; x_wconf 93' lang='lat' dir='ltr'>po·</span> 
     </span>
     <span class='ocr_line' id='line_1_36' title="bbox 232 4429 619 4514; baseline -0.003 -19"><span class='ocrx_word' id='word_1_211' title='bbox 232 4434 306 4495; x_wconf 90' lang='lat' dir='ltr'>test</span> <span class='ocrx_word' id='word_1_212' title='bbox 321 4429 383 4514; x_wconf 85' lang='lat' dir='ltr'>jus</span> <span class='ocrx_word' id='word_1_213' title='bbox 401 4429 448 4495; x_wconf 89' lang='lat' dir='ltr'>ad</span> <span class='ocrx_word' id='word_1_214' title='bbox 465 4430 619 4495; x_wconf 88' lang='lat' dir='ltr'>malum.</span> 
     </span>
    </p>
   </div>
   <div class='ocr_carea' id='block_1_9' title="bbox 0 0 1568 5317">
    <p class='ocr_par' dir='ltr' id='par_1_17' title="bbox 0 0 1568 5317">
     <span class='ocr_line' id='line_1_37' title="bbox 0 0 1568 5317; baseline 0 2"><span class='ocrx_word' id='word_1_215' title='bbox 0 0 1568 5317; x_wconf 95' lang='lat' dir='ltr'> </span> 
     </span>
    </p>
   </div>
  </div>
 </body>
</html>
