3125 5317
974 397 1019 458 7

931 564 1065 618 XII.

0 663 356 732 acerdotii
390 665 678 734 Christi
710 666 1196 733 eminentiam
1245 687 1424 752 prae
1475 667 1989 736 sacerdotibus
2040 668 2138 736 le-

0 771 143 838 bus
207 773 616 861 insigniter
679 775 748 842 S.
823 775 1112 842 Paulus
1177 776 1533 860 declarat,
1599 778 1946 845 evolvens
2009 776 2138 861 (ad

0 899 69 945 ιτ.
137 879 356 967 VII.)
421 885 861 969 mysterium
928 884 1331 965 sacerdotii
1395 884 2130 968 Melchisedechiani,

0 988 43 1054 d
77 992 325 1056 totum
358 990 601 1077 figura
633 1013 718 1059 ac
750 999 983 1079 typus
1015 999 1178 1061 erat
1209 994 1611 1061 sacerdotii
1644 993 1951 1062 Christi.

908 1135 1068 1188 XIII.

0 1232 218 1299 adem
250 1235 574 1321 epistola
607 1237 1043 1322 praesertim
1077 1237 1186 1324 (C.
1229 1237 1639 1323 VIII.-X.)
1674 1236 1869 1304 hanc
1902 1236 2138 1304 veluti

0 1339 119 1406 ;im
153 1342 537 1412 illustrat:
591 1345 941 1414 Christus
984 1346 1349 1432 sanguine
1382 1366 1516 1413 suo
1549 1345 1720 1412 fuso
1752 1350 2138 1431 morteque

72 1441 332 1541 verum
396 1455 930 1540 propriumque
994 1453 1275 1521 obtulit
1338 1453 1786 1520 sacrificium
1851 1452 2138 1520 ordinis

0 1577 65 1624 le
97 1559 500 1628 eminentis
528 1586 545 1644 3
598 1562 693 1629 ad
728 1563 930 1649 quod
956 1561 1323 1629 sacrificia
1347 1561 1649 1630 Veteris
1681 1560 2138 1629 Testamenti

23 1687 240 1735 secus
273 1689 351 1736 se
384 1669 666 1737 habent
715 1691 937 1757 quam
977 1671 1147 1756 typi
1181 1671 1280 1737 ad
1332 1670 1790 1756 antitypum,
1832 1669 2138 1737 umbrae

0 1775 392 1844 feritatem.
910 1870 1051 1924 XIV

0 1967 189 2034 'erba
263 1969 772 2038 institutionis
852 1971 1376 2039 Eucharistiae
1454 1971 1549 2038 ab
1633 1969 2138 2056 Evangelistis

0 2075 147 2159 th„
206 2077 466 2161 Marc.‚
532 2079 748 2166 Luc.)
783 2085 859 2148 et
890 2101 935 2147 a
971 2081 1040 2147 S.
1084 2080 1326 2147 Paulo
1382 2080 1494 2147 ita
1544 2078 1993 2161 referuntur,
2049 2084 2138 2144 ut

49 2184 350 2271 siguum
404 2192 699 2255 tantum
748 2194 825 2257 et
854 2189 1169 2274 figuram
1224 2188 1555 2274 corporis
1612 2194 1688 2254 et
1743 2186 2138 2272 sanguinis

0 2292 174 2376 nini,
217 2295 348 2361 sed
382 2294 631 2380 ipsum
664 2298 829 2383 ejus
863 2317 1130 2382 corpus
1163 2303 1239 2364 et
1287 2296 1729 2382 sanguinem
1779 2295 1917 2361 sub
1962 2294 2134 2361 visi-

0 2419 126 2467 ous
206 2403 595 2487 speciebus
673 2405 754 2471 in
832 2405 1134 2472 Amoris
1216 2405 1695 2471 Sacramento
1774 2403 2134 2471 constitui

0 2516 380 2579 tonstrent.

924 2603 1052 2656 XV.

0 2703 194 2771 otius
243 2704 656 2773 Christiani
713 2705 1038 2773 nominis
1089 2705 1570 2773 consensione
1633 2711 1929 2772 constat
1992 2704 2134 2772 Eu·

0 2811 250 2879 ristiae
271 2813 766 2881 celebratione
789 2814 1155 2881 contineri
1183 2813 1630 2880 sacrificium
1658 2814 2130 2880 incruentum

0 2919 168 3003 lem,
211 2926 543 2989 attamen
577 2942 832 2989 verum
865 2928 940 2989 et
973 2922 1271 3008 proprie
1304 2921 1615 2989 dictum.

910 3062 1066 3116 XVI.

0 3163 261 3230 allitur
293 3170 366 3231 et
401 3163 608 3232 fallit
672 3164 925 3250 Pusey
958 3163 1332 3231 affirmans
1381 3183 1621 3250 nsque
1654 3164 1751 3230 ad
1786 3184 1975 3230 saec.
2019 3165 2126 3229 15.

0 3292 84 3338 ns
117 3273 389 3361 dogma
441 3272 1319 3341 transsubstantiationis
1371 3272 1653 3340 liberae
1702 3272 1938 3339 fuisse
1987 3271 2134 3338 dis-

0 3381 307 3464 itionis3
375 3382 526 3450 imo
582 3383 1003 3451 doctrinam
1067 3382 1160 3449 de
1223 3387 1651 3448 remanente
1707 3380 2138 3448 substantia.

0 3492 59 3558 is
91 3498 169 3558 et
201 3490 359 3557 vini
392 3490 472 3558 in
523 3491 646 3557 SS.
706 3491 1182 3559 Sacramento
1230 3490 1418 3557 adeo
1466 3489 1705 3556 visam
1753 3488 1991 3556 fuisse
2028 3509 2134 3556 re-

0 3620 116 3666 am
169 3620 216 3666 a
247 3598 578 3684 periculo
611 3599 1021 3678 haereseos,
1064 3604 1152 3666 ut
1199 3598 1454 3684 potius
1503 3597 1909 3665 haberetur
1941 3617 2130 3665 com-

0 3707 132 3775 lior
162 3707 260 3774 ad
293 3708 844 3793 praecavendas
890 3706 1395 3774 difficultates.

889 3847 1076 3902 XVII.

4 3949 423 4017 lienissima
453 3953 569 4016 est
600 3970 645 4016 a
679 3948 996 4017 veritate
1047 3947 1362 4017 assertio
1417 3948 1751 4034 ejusdem
1787 3947 2138 4016 Doctoris

0 4058 316 4142 ›niensi8,
399 4079 498 4125 ex
557 4057 903 4126 doctrina
968 4053 1626 4141 scholasticorum,
1697 4057 2138 4143 praesertim

0 4166 100 4235 cti
151 4166 497 4251 Thomae‚
573 4166 643 4232 S.
707 4166 1282 4234 Bonaventurae
1336 4170 1413 4233 et
1462 4164 1688 4248 Scoti,
1752 4166 2134 4232 transsub-

0 4274 407 4343 miationem
442 4274 539 4341 ad
574 4274 845 4360 dogma
876 4294 1025 4341 non
1058 4273 1431 4360 pertinere
1470 4272 1968 4341 Catholicum.

883 4414 1102 4469 XVIII.

1 4517 199 4584 ratia
254 4515 579 4585 Divinae
629 4516 1164 4600 Maternitatis‚
1230 4535 1382 4602 qua-
1448 4516 1838 4583 character
1891 4536 2134 4602 perso-

2 4645 37 4692 s
79 4624 370 4691 Mariae
403 4623 849 4709 continetur,
891 4645 1041 4691 non
1075 4623 1569 4692 constituitur
1615 4628 1913 4692 tantum
1949 4623 2134 4711 phy-
