3125 5317
899 546 919 619 c

876 754 931 804 VI.

384 876 586 961 “Ecclesia
602 900 659 963 est
674 917 760 963 vera
777 899 1018 983 perfectaque
1031 897 1200 980 societas,
1222 897 1333 981 plane
1349 892 1482 977 libera,

332 1018 477 1103 pollens
510 1021 588 1087 suis
616 1023 781 1108 propriis
813 1031 850 1088 et
882 1022 1143 1089 constant-ibus
1174 1022 1324 1109 juribus
1355 1022 1428 1088 sibi
1464 1042 1487 1088 a

332 1143 463 1212 divino
480 1167 547 1215 suo
563 1147 779 1215 Fundatore
797 1148 1007 1215 collatis.''1

872 1361 943 1408 Vll.

378 1516 438 1583 Ita
466 1518 639 1585 omnibus
668 1519 854 1586 incumbit
881 1518 1064 1603 obligatio
1086 1538 1182 1585 verre
1208 1518 1395 1585 Ecclesiae
1419 1519 1486 1586 ad-

332 1642 511 1727 haerendi,
528 1651 569 1712 ut
586 1646 829 1731 culpabiliter
840 1652 948 1713 extra-
964 1665 1044 1711 eam
1059 1644 1296 1711 versantibus
1309 1646 1416 1712 nulla
1433 1646 1487 1712 sit

333 1788 417 1854 spes
434 1770 580 1836 salutis.

859 1880 948 1930 v111.

380 2036 554 2106 Christus
570 2038 610 2105 in
627 2038 794 2105 Ecclesia
812 2059 880 2105 sna
897 2038 1069 2108 instituit
1088 2037 1346 2124 magisterium
1371 2038 1485 2106 infal-

333 2162 451 2230 libile.

877 2292 930 2339 rx.

379 2447 503 2537 Hujus
532 2450 740 2537 magisterii
771 2450 1032 2518 infallibilitas
1053 2470 1131 2516 sese
1153 2449 1326 2516 extendit
1343 2469 1416 2515 non
1435 2450 1484 2516 ad

333 2596 377 2643 ea
393 2582 542 2643 tantum
560 2596 644 2663 quae
661 2577 701 2642 iu
719 2576 849 2642 divina
872 2576 1098 2643 revelatione
1116 2575 1193 2641 sive
1210 2575 1390 2660 explicite
1407 2576 1485 2642 sive

331 2701 517 2788 implicite
535 2701 785 2785 continentur,
801 2702 866 2768 sed
883 2701 998 2768 etiam
1016 2700 1064 2767 ad
1083 2700 1123 2766 id
1140 2720 1248 2766 omne
1261 2701 1373 2786 qnod,
1395 2700 1484 2767 licet

329 2827 373 2893 in
390 2847 428 2893 se
445 2828 646 2893 revelatum
676 2847 749 2893 uon
776 2826 838 2912 sit,
858 2834 915 2892 est
939 2833 1063 2892 tamen
1080 2825 1266 2911 ejusmodi
1284 2831 1328 2891 ut
1344 2825 1424 2891 sine
1441 2848 1483 2892 eo

333 2952 545 3038 depositum
572 2952 813 3019 revelationis
840 2959 923 3018 tuto
950 2951 1171 3035 conservari,
1200 2957 1300 3017 certo
1324 2952 1483 3036 proponi

332 3082 370 3143 et
387 3077 568 3163 explicari
588 3084 655 3144 aut
671 3076 868 3143 efficaciter
884 3075 1036 3143 defendi
1053 3096 1126 3141 non
1144 3075 1275 3161 possit.

891 3269 930 3319 X.

378 3428 543 3495 Ecclesia
560 3428 777 3495 nullatenus
788 3434 891 3494 vetat
906 3447 952 3494 ne
968 3425 1212 3512 philosophia
1224 3434 1262 3493 et
1277 3427 1480 3513 generatim

333 3554 507 3621 humanae
524 3552 737 3638 discipline
771 3553 845 3618 “in
873 3573 940 3620 suo
965 3572 1124 3639 quaeque
1149 3552 1294 3620 ambitu
1318 3552 1482 3638 propriis

333 3684 492 3747 utantur
506 3679 707 3764 principiis
723 3684 761 3745 et
776 3678 931 3764 propria
941 3678 1128 3761 method0,
1147 3679 1211 3745 sed
1229 3680 1368 3764 Justam
1387 3678 1481 3745 hano

334 3805 544 3872 libertatem
579 3825 792 3890 agnoscens,
820 3806 882 3890 jus
906 3811 944 3871 et
968 3804 1128 3871 officium
1154 3803 1341 3869 divinitus
1370 3804 1482 3869 habet

333 3930 421 3998 falsi
439 3930 602 3997 nominis
619 3930 814 3996 scientiam
828 3930 1095 4015 proscribendi,
1113 3950 1158 3995 ne
1172 3929 1258 4015 quis
1271 3929 1481 4014 decipiatur

332 4077 398 4143 per
413 4055 694 4142 philosophiam
711 4062 748 4122 et
764 4055 913 4121 inanem
931 4055 1163 4121 fallaciam.”
1184 4057 1201 4107 2

333 4220 871 4231 --—-——————--—-÷-—-———-——
884 4224 888 4226 -
900 4222 1031 4227 --——-——-
1043 4222 1047 4226 -

402 4302 562 4369 ’8γ113ὺιι5,
577 4304 662 4368 Prop.
680 4303 719 4355 1⁹.

401 4386 526 4439 'Concil
542 4384 637 4439 Vatic.
652 4386 753 4439 const.
768 4384 831 4438 Dei
841 4384 947 4447 Filzics,
962 4387 1033 4452 Cap.
1048 4386 1098 4437 IV.
