3125 5317
499 907 818 1079 russas.

649 1215 674 1262 1.

95 1321 328 1388 Beatissima
345 1322 468 1408 Virgo
484 1321 524 1386 in
546 1323 669 1407 primo
693 1321 853 1387 instanti
878 1321 1132 1406 conceptionis
1157 1343 1256 1405 suae,

54 1430 240 1516 singulari
266 1430 542 1515 omnipotentis
568 1430 640 1496 Dei
665 1430 791 1516 gratia
817 1435 854 1496 et
878 1429 1087 1515 privilegio,
1116 1430 1258 1497 intuitu

55 1539 270 1605 meritorum
285 1538 433 1606 Christi
446 1538 470 1605 J
473 1559 538 1604 esu
553 1539 760 1604 Salvatoris
773 1537 928 1604 humani
941 1537 1087 1624 generis
1100 1539 1147 1604 ab
1160 1540 1261 1606 omni

54 1647 252 1733 originalis
268 1649 406 1732 culpae
423 1647 508 1714 labe
524 1653 763 1732 praeservata
778 1645 856 1712 fuit-
871 1645 1082 1712 immunis¹

637 1807 681 1854 11.

98 1915 225 1982 Verba
249 1915 397 1983 Christi
422 1914 577 1980 Domini
602 1913 705 1998 apud
730 1913 912 1980 Joannem
932 1912 999 1996 VI,
1021 1919 1065 1979 48
1082 1934 1183 2000 seqq.
1204 1914 1259 1980 in-

54 2023 261 2109 telligenda
276 2032 368 2090 sunt
385 2043 497 2089 sensu
522 2022 675 2107 proprio
691 2028 730 2088 et
752 2021 981 2104 immediato,
1002 2022 1161 2108 ideoque
1181 2022 1260 2089 illis

54 2152 181 2196 verum
198 2151 310 2198 suum
327 2151 476 2216 corpus,
494 2150 698 2215 verumque
714 2129 935 2216 sanguinem
951 2129 1122 2196 Salvator
1140 2151 1257 2216 prom·

54 2239 119 2306 isit
134 2260 174 2306 se
191 2240 374 2306 daturum
391 2237 697 2305 manducandum
714 2244 753 2304 et
768 2237 983 2304 bibendum.

632 2397 691 2444 ΙΙΙ.

96 2506 246 2573 Nomen
262 2503 706 2572 transsubstantiationis
729 2510 810 2570 tum
828 2503 1019 2589 proprium
1045 2509 1125 2570 tum
1144 2505 1258 2591 aptis-

52 2616 187 2681 simum
204 2622 264 2681 est
274 2615 326 2680 ad
342 2613 609 2698 explicandam
622 2610 856 2679 Catholicam
869 2611 1078 2679 doctrinam
1092 2613 1138 2680 de
1149 2615 1259 2682 modo

51 2744 124 2808 quo
140 2724 186 2790 fit
201 2742 382 2808 praesens
399 2721 573 2789 Christus
590 2720 630 2785 in
647 2718 899 2787 Eucharistia.

626 2880 681 2927 IV·

94 2989 241 3056 Inscite
257 2988 411 3055 omnino
427 2986 626 3072 theologus
641 2992 855 3071 protestans
881 2987 1070 3054 Luthardt
1095 2997 1261 3059 recenter

49 3098 216 3164 assernit
253 3096 434 3162 “factum
465 3116 546 3161 esse
574 3093 795 3160 historicum
828 3101 936 3162 extra
969 3100 1258 3166 controversiam

51 3206 235 3291 positum,
266 3203 479 3270 doctrinam
513 3203 722 3269 Romanam
753 3203 800 3268 de
833 3205 1260 3276 transsubstantiatione

46 3313 240 3398 posterius
264 3312 464 3394 invectam,
493 3311 533 3375 in
557 3311 752 3396 primitiva
776 3331 862 3378 vero
887 3318 925 3378 et
949 3314 1066 3380 veteri
1092 3314 1262 3386 Ecclesia

49 3423 171 3488 fuisse
190 3421 428 3507 ignotam.’'²

635 3597 672 3643 V.

95 3704 341 3772 Alienissima
369 3709 427 3770 est
452 3724 474 3769 a
498 3702 658 3770 veritate
683 3704 881 3771 affirmatio
903 3705 1040 3793 Pusey,
1062 3729 1180 3796 usque
1210 3716 1260 3782 ad

48 3814 243 3880 saeculum
254 3811 439 3878 decimum
451 3811 625 3896 quintum
637 3813 759 3878 iniens
769 3812 907 3898 dogma
920 3819 1259 3891 transsubstantia-

49 3922 169 3988 tionis
201 3921 342 3987 liberae
373 3919 491 3986 fuisse
523 3920 818 4004 disputationis;
859 3921 934 3989 imo
967 3924 1179 3995 doctrinam
1213 3933 1261 4000 de

48 4035 266 4096 remanente
290 4028 504 4094 substantia
528 4029 638 4112 panis
662 4035 700 4094 et
724 4027 802 4093 vini
829 4029 868 4094 in
896 4030 1140 4104 Eucharistia
1167 4041 1262 4110 adeo

50 4138 169 4204 visam
187 4137 306 4203 fuisse
322 4137 482 4202 alienam
501 4156 524 4202 a
540 4136 707 4221 periculo
732 4136 938 4224 haereseos,
960 4149 1004 4208 ut
1021 4146 1153 4229 potius
1170 4149 1259 4220 hab-

47 4253 173 4312 eretur
189 4244 416 4312 commodior
432 4244 482 4310 ad
498 4245 773 4329 praecavendas
790 4246 1070 4320 difficultates.³

121 4387 205 4437 uam
216 4386 271 4436 rr:
289 4356 440 4449 capitata
449 4356 631 4437 Mun.

121 4469 331 4534 2Αροίορσῑιέσήε
351 4469 487 4531 Vortrr'ipe,
501 4470 717 4533 Artmcrlcunpcn
728 4473 819 4524 euml)
839 4473 964 4541 Vortrop.

121 4551 196 4604 ⁸th
206 4554 324 4604 doctam
338 4554 372 4617 cs
381 4552 424 4602 tte
433 4551 501 4602 Reul
512 4552 640 4603 Prmnce
648 4567 681 4604 oa
691 4557 837 4609 contained
848 4560 878 4610 in
889 4559 932 4611 roa
945 4561 1073 4630 Famae,
1082 4586 1111 4636 p.
1124 4573 1167 4634 31;
1187 4573 1261 4630 1845.
