<?xml version="1.0" encoding="UTF-8"?>
<!DOCTYPE html PUBLIC "-//W3C//DTD XHTML 1.0 Transitional//EN"
    "http://www.w3.org/TR/xhtml1/DTD/xhtml1-transitional.dtd">
<html xmlns="http://www.w3.org/1999/xhtml" xml:lang="en" lang="en">
 <head>
  <title>
</title>
<meta http-equiv="Content-Type" content="text/html;charset=utf-8" />
  <meta name='ocr-system' content='tesseract 3.04.00' />
  <meta name='ocr-capabilities' content='ocr_page ocr_carea ocr_par ocr_line ocrx_word'/>
</head>
<body>
  <div class='ocr_page' id='page_1' title='image "./thesesadlicenti00amergoog_0257.png"; bbox 0 0 3125 5317; ppageno 0'>
   <div class='ocr_carea' id='block_1_1' title="bbox 663 717 703 780">
    <p class='ocr_par' dir='ltr' id='par_1_1' title="bbox 663 717 703 780">
     <span class='ocr_line' id='line_1_1' title="bbox 663 717 703 780; baseline -0.025 0"><span class='ocrx_word' id='word_1_1' title='bbox 663 717 703 780; x_wconf 89' lang='lat'>11</span> 
     </span>
    </p>
   </div>
   <div class='ocr_carea' id='block_1_2' title="bbox 120 915 1252 1966">
    <p class='ocr_par' dir='ltr' id='par_1_2' title="bbox 608 915 752 965">
     <span class='ocr_line' id='line_1_2' title="bbox 608 915 752 965; baseline 0 -1"><span class='ocrx_word' id='word_1_2' title='bbox 608 915 752 965; x_wconf 85' lang='lat' dir='ltr'>xxvrrr.</span> 
     </span>
    </p>

    <p class='ocr_par' dir='ltr' id='par_1_3' title="bbox 123 1039 1249 1376">
     <span class='ocr_line' id='line_1_3' title="bbox 160 1039 1249 1128; baseline 0.003 -23"><span class='ocrx_word' id='word_1_3' title='bbox 160 1039 430 1106; x_wconf 82' lang='lat' dir='ltr'>Matrimonium</span> <span class='ocrx_word' id='word_1_4' title='bbox 448 1061 516 1108; x_wconf 88' lang='lat' dir='ltr'>seu</span> <span class='ocrx_word' id='word_1_5' title='bbox 532 1041 603 1107; x_wconf 89' lang='lat' dir='ltr'>viri</span> <span class='ocrx_word' id='word_1_6' title='bbox 620 1048 657 1108; x_wconf 90' lang='lat' dir='ltr'>et</span> <span class='ocrx_word' id='word_1_7' title='bbox 673 1041 837 1110; x_wconf 85' lang='lat' dir='ltr'>feminae</span> <span class='ocrx_word' id='word_1_8' title='bbox 850 1042 1067 1128; x_wconf 87' lang='lat' dir='ltr'>conjunctio</span> <span class='ocrx_word' id='word_1_9' title='bbox 1084 1040 1249 1126; x_wconf 88' lang='lat' dir='ltr'>moralis,</span> 
     </span>
     <span class='ocr_line' id='line_1_4' title="bbox 124 1165 1248 1254; baseline 0.003 -25"><span class='ocrx_word' id='word_1_10' title='bbox 124 1184 183 1250; x_wconf 87' lang='lat' dir='ltr'>qua</span> <span class='ocrx_word' id='word_1_11' title='bbox 207 1185 318 1231; x_wconf 87' lang='lat' dir='ltr'>unum</span> <span class='ocrx_word' id='word_1_12' title='bbox 344 1165 561 1234; x_wconf 87' lang='lat' dir='ltr'>efficiuntur</span> <span class='ocrx_word' id='word_1_13' title='bbox 585 1166 684 1234; x_wconf 88' lang='lat' dir='ltr'>vitae</span> <span class='ocrx_word' id='word_1_14' title='bbox 709 1168 975 1254; x_wconf 83' lang='lat' dir='ltr'>propagandae</span> <span class='ocrx_word' id='word_1_15' title='bbox 1007 1167 1248 1254; x_wconf 90' lang='lat' dir='ltr'>principium,</span> 
     </span>
     <span class='ocr_line' id='line_1_5' title="bbox 123 1289 717 1376; baseline 0.005 -20"><span class='ocrx_word' id='word_1_16' title='bbox 123 1297 168 1357; x_wconf 78' lang='lat' dir='ltr'>est</span> <span class='ocrx_word' id='word_1_17' title='bbox 181 1289 223 1357; x_wconf 88' lang='lat' dir='ltr'>de</span> <span class='ocrx_word' id='word_1_18' title='bbox 237 1291 319 1376; x_wconf 89' lang='lat' dir='ltr'>jure</span> <span class='ocrx_word' id='word_1_19' title='bbox 335 1292 505 1360; x_wconf 89' lang='lat' dir='ltr'>naturali</span> <span class='ocrx_word' id='word_1_20' title='bbox 523 1299 561 1360; x_wconf 89' lang='lat' dir='ltr'>et</span> <span class='ocrx_word' id='word_1_21' title='bbox 576 1292 717 1359; x_wconf 90' lang='lat' dir='ltr'>divino.</span> 
     </span>
    </p>

    <p class='ocr_par' dir='ltr' id='par_1_4' title="bbox 622 1471 734 1520">
     <span class='ocr_line' id='line_1_6' title="bbox 622 1471 734 1520; baseline 0.009 -2"><span class='ocrx_word' id='word_1_22' title='bbox 622 1471 734 1520; x_wconf 85' lang='lat' dir='ltr'>xxrx.</span> 
     </span>
    </p>

    <p class='ocr_par' dir='ltr' id='par_1_5' title="bbox 158 1593 1252 1684">
     <span class='ocr_line' id='line_1_7' title="bbox 158 1593 1252 1684; baseline 0.002 -26"><span class='ocrx_word' id='word_1_23' title='bbox 158 1593 233 1678; x_wconf 84' lang='lat' dir='ltr'>Ipsa</span> <span class='ocrx_word' id='word_1_24' title='bbox 265 1595 347 1681; x_wconf 88' lang='lat' dir='ltr'>lege</span> <span class='ocrx_word' id='word_1_25' title='bbox 379 1595 597 1682; x_wconf 85' lang='lat' dir='ltr'>primitivae</span> <span class='ocrx_word' id='word_1_26' title='bbox 628 1596 887 1664; x_wconf 88' lang='lat' dir='ltr'>institutionis</span> <span class='ocrx_word' id='word_1_27' title='bbox 923 1596 1084 1684; x_wconf 87' lang='lat' dir='ltr'>quodvis</span> <span class='ocrx_word' id='word_1_28' title='bbox 1124 1596 1252 1664; x_wconf 87' lang='lat' dir='ltr'>matri-</span> 
     </span>
    </p>

    <p class='ocr_par' dir='ltr' id='par_1_6' title="bbox 120 1720 857 1966">
     <span class='ocr_line' id='line_1_8' title="bbox 120 1720 857 1791; baseline 0.008 -7"><span class='ocrx_word' id='word_1_29' title='bbox 120 1720 264 1786; x_wconf 85' lang='lat' dir='ltr'>monium</span> <span class='ocrx_word' id='word_1_30' title='bbox 282 1727 341 1788; x_wconf 85' lang='lat' dir='ltr'>est</span> <span class='ocrx_word' id='word_1_31' title='bbox 357 1721 562 1790; x_wconf 89' lang='lat' dir='ltr'>intrinsece</span> <span class='ocrx_word' id='word_1_32' title='bbox 579 1722 857 1791; x_wconf 83' lang='lat' dir='ltr'>indissolubile.</span> 
     </span>
     <span class='ocr_line' id='line_1_9' title="bbox 629 1919 724 1966; baseline 0.011 -1"><span class='ocrx_word' id='word_1_33' title='bbox 629 1919 724 1966; x_wconf 84' lang='lat' dir='ltr'>xxx.</span> 
     </span>
    </p>
   </div>
   <div class='ocr_carea' id='block_1_3' title="bbox 156 2039 1253 2128">
    <p class='ocr_par' dir='ltr' id='par_1_7' title="bbox 156 2039 1253 2128">
     <span class='ocr_line' id='line_1_10' title="bbox 156 2039 1253 2128; baseline 0.003 -23"><span class='ocrx_word' id='word_1_34' title='bbox 156 2039 346 2124; x_wconf 84' lang='lat' dir='ltr'>Ecclesiae,</span> <span class='ocrx_word' id='word_1_35' title='bbox 379 2041 534 2110; x_wconf 87' lang='lat' dir='ltr'>minime</span> <span class='ocrx_word' id='word_1_36' title='bbox 558 2063 643 2109; x_wconf 89' lang='lat' dir='ltr'>vero</span> <span class='ocrx_word' id='word_1_37' title='bbox 671 2043 892 2110; x_wconf 81' lang='lat' dir='ltr'>auctoritati</span> <span class='ocrx_word' id='word_1_38' title='bbox 926 2042 1041 2125; x_wconf 87' lang='lat' dir='ltr'>civili,</span> <span class='ocrx_word' id='word_1_39' title='bbox 1072 2041 1253 2128; x_wconf 86' lang='lat' dir='ltr'>competit</span> 
     </span>
    </p>
   </div>
   <div class='ocr_carea' id='block_1_4' title="bbox 13 2167 1249 2266">
    <p class='ocr_par' dir='ltr' id='par_1_8' title="bbox 13 2167 1249 2266">
     <span class='ocr_line' id='line_1_11' title="bbox 13 2167 1249 2266; baseline 0.001 -33"><span class='ocrx_word' id='word_1_40' title='bbox 13 2245 14 2266; x_wconf 13' lang='grc' dir='ltr'>χ</span> <span class='ocrx_word' id='word_1_41' title='bbox 119 2173 264 2251; x_wconf 83' lang='lat' dir='ltr'>potestas</span> <span class='ocrx_word' id='word_1_42' title='bbox 289 2168 486 2234; x_wconf 87' lang='lat' dir='ltr'>statuendi</span> <span class='ocrx_word' id='word_1_43' title='bbox 519 2167 791 2254; x_wconf 88' lang='lat' dir='ltr'>impedimenta</span> <span class='ocrx_word' id='word_1_44' title='bbox 815 2167 1095 2235; x_wconf 89' lang='lat' dir='ltr'>matrimonium</span> <span class='ocrx_word' id='word_1_45' title='bbox 1123 2168 1249 2236; x_wconf 88' lang='lat' dir='ltr'>Chris-</span> 
     </span>
    </p>
   </div>
   <div class='ocr_carea' id='block_1_5' title="bbox 119 2291 541 2360">
    <p class='ocr_par' dir='ltr' id='par_1_9' title="bbox 119 2291 541 2360">
     <span class='ocr_line' id='line_1_12' title="bbox 119 2291 541 2360; baseline 0.002 -2"><span class='ocrx_word' id='word_1_46' title='bbox 119 2291 287 2358; x_wconf 84' lang='lat' dir='ltr'>tianorum</span> <span class='ocrx_word' id='word_1_47' title='bbox 305 2292 541 2360; x_wconf 87' lang='lat' dir='ltr'>dirimentia.</span> 
     </span>
    </p>
   </div>
   <div class='ocr_carea' id='block_1_6' title="bbox 617 2472 726 2518">
    <p class='ocr_par' dir='ltr' id='par_1_10' title="bbox 617 2472 726 2518">
     <span class='ocr_line' id='line_1_13' title="bbox 617 2472 726 2518; baseline -0.009 0"><span class='ocrx_word' id='word_1_48' title='bbox 617 2472 726 2518; x_wconf 85' lang='lat' dir='ltr'>XXXI.</span> 
     </span>
    </p>
   </div>
   <div class='ocr_carea' id='block_1_7' title="bbox 155 2593 1250 2663">
    <p class='ocr_par' dir='ltr' id='par_1_11' title="bbox 155 2593 1250 2663">
     <span class='ocr_line' id='line_1_14' title="bbox 155 2593 1250 2663; baseline 0.001 -3"><span class='ocrx_word' id='word_1_49' title='bbox 155 2593 248 2662; x_wconf 88' lang='lat' dir='ltr'>Licet</span> <span class='ocrx_word' id='word_1_50' title='bbox 264 2595 550 2662; x_wconf 89' lang='lat' dir='ltr'>matrimonium</span> <span class='ocrx_word' id='word_1_51' title='bbox 564 2594 863 2663; x_wconf 80' lang='lat' dir='ltr'>Christianorum</span> <span class='ocrx_word' id='word_1_52' title='bbox 878 2596 949 2661; x_wconf 89' lang='lat' dir='ltr'>soli</span> <span class='ocrx_word' id='word_1_53' title='bbox 962 2595 1149 2662; x_wconf 79' lang='lat' dir='ltr'>Ecclesiae</span> <span class='ocrx_word' id='word_1_54' title='bbox 1166 2596 1250 2662; x_wconf 89' lang='lat' dir='ltr'>sub-</span> 
     </span>
    </p>
   </div>
   <div class='ocr_carea' id='block_1_8' title="bbox 119 2720 1252 2808">
    <p class='ocr_par' dir='ltr' id='par_1_12' title="bbox 13 2720 1252 2808">
     <span class='ocr_line' id='line_1_15' title="bbox 119 2720 1252 2808; baseline 0.002 -23.743"><span class='ocrx_word' id='word_1_55' title='bbox 119 2720 159 2787; x_wconf 84' lang='lat' dir='ltr'>sit</span> <span class='ocrx_word' id='word_1_56' title='bbox 185 2723 306 2800; x_wconf 89' lang='lat' dir='ltr'>quoad</span> <span class='ocrx_word' id='word_1_57' title='bbox 335 2742 442 2789; x_wconf 85' lang='lat' dir='ltr'>suam</span> <span class='ocrx_word' id='word_1_58' title='bbox 469 2722 730 2800; x_wconf 83' lang='lat' dir='ltr'>substantiam,</span> <span class='ocrx_word' id='word_1_59' title='bbox 761 2727 885 2789; x_wconf 88' lang='lat' dir='ltr'>tamen</span> <span class='ocrx_word' id='word_1_60' title='bbox 912 2722 1041 2788; x_wconf 88' lang='lat' dir='ltr'>subest</span> <span class='ocrx_word' id='word_1_61' title='bbox 1072 2722 1252 2808; x_wconf 74' lang='lat' dir='ltr'>potestati</span> 
     </span>
    </p>
   </div>
   <div class='ocr_carea' id='block_1_9' title="bbox 118 2847 751 2931">
    <p class='ocr_par' dir='ltr' id='par_1_13' title="bbox 118 2847 751 2931">
     <span class='ocr_line' id='line_1_16' title="bbox 118 2847 751 2931; baseline 0.003 -19"><span class='ocrx_word' id='word_1_62' title='bbox 118 2847 276 2931; x_wconf 81' lang='lat' dir='ltr'>politicae</span> <span class='ocrx_word' id='word_1_63' title='bbox 294 2848 422 2928; x_wconf 88' lang='lat' dir='ltr'>quoad</span> <span class='ocrx_word' id='word_1_64' title='bbox 440 2847 595 2916; x_wconf 85' lang='lat' dir='ltr'>effectus</span> <span class='ocrx_word' id='word_1_65' title='bbox 612 2848 751 2915; x_wconf 87' lang='lat' dir='ltr'>civiles.</span> 
     </span>
    </p>
   </div>
   <div class='ocr_carea' id='block_1_10' title="bbox 616 3045 742 3092">
    <p class='ocr_par' dir='ltr' id='par_1_14' title="bbox 616 3045 742 3092">
     <span class='ocr_line' id='line_1_17' title="bbox 616 3045 742 3092; baseline 0 0"><span class='ocrx_word' id='word_1_66' title='bbox 616 3045 742 3092; x_wconf 81' lang='lat' dir='ltr'>XXXII.</span> 
     </span>
    </p>
   </div>
   <div class='ocr_carea' id='block_1_11' title="bbox 120 3169 1319 3509">
    <p class='ocr_par' dir='ltr' id='par_1_15' title="bbox 120 3169 1319 3509">
     <span class='ocr_line' id='line_1_18' title="bbox 154 3169 1319 3258; baseline 0.006 -22"><span class='ocrx_word' id='word_1_67' title='bbox 154 3169 392 3256; x_wconf 83' lang='lat' dir='ltr'>Privilegium</span> <span class='ocrx_word' id='word_1_68' title='bbox 412 3169 616 3237; x_wconf 86' lang='lat' dir='ltr'>Paulinum</span> <span class='ocrx_word' id='word_1_69' title='bbox 634 3191 707 3237; x_wconf 92' lang='lat' dir='ltr'>non</span> <span class='ocrx_word' id='word_1_70' title='bbox 733 3170 781 3237; x_wconf 91' lang='lat' dir='ltr'>ad</span> <span class='ocrx_word' id='word_1_71' title='bbox 806 3191 868 3236; x_wconf 91' lang='lat' dir='ltr'>eos</span> <span class='ocrx_word' id='word_1_72' title='bbox 892 3172 990 3237; x_wconf 89' lang='lat' dir='ltr'>solos</span> <span class='ocrx_word' id='word_1_73' title='bbox 1015 3179 1161 3256; x_wconf 88' lang='lat' dir='ltr'>spectat</span> <span class='ocrx_word' id='word_1_74' title='bbox 1185 3173 1251 3258; x_wconf 77' lang='lat' dir='ltr'>qui</span> <span class='ocrx_word' id='word_1_75' title='bbox 1316 3238 1319 3243; x_wconf 24' lang='lat'><strong>⁴</strong></span> 
     </span>
     <span class='ocr_line' id='line_1_19' title="bbox 120 3296 1249 3384; baseline 0.004 -24"><span class='ocrx_word' id='word_1_76' title='bbox 120 3296 210 3362; x_wconf 89' lang='lat' dir='ltr'>fidem</span> <span class='ocrx_word' id='word_1_77' title='bbox 240 3297 480 3366; x_wconf 81' lang='lat' dir='ltr'>catholicam</span> <span class='ocrx_word' id='word_1_78' title='bbox 514 3302 733 3383; x_wconf 87' lang='lat' dir='ltr'>sequuntur,</span> <span class='ocrx_word' id='word_1_79' title='bbox 762 3296 828 3363; x_wconf 87' lang='lat' dir='ltr'>sed</span> <span class='ocrx_word' id='word_1_80' title='bbox 860 3298 908 3364; x_wconf 87' lang='lat' dir='ltr'>ad</span> <span class='ocrx_word' id='word_1_81' title='bbox 941 3319 1003 3365; x_wconf 86' lang='lat' dir='ltr'>eos</span> <span class='ocrx_word' id='word_1_82' title='bbox 1035 3299 1149 3366; x_wconf 91' lang='lat' dir='ltr'>etiam</span> <span class='ocrx_word' id='word_1_83' title='bbox 1183 3300 1249 3384; x_wconf 90' lang='lat' dir='ltr'>qui</span> 
     </span>
     <span class='ocr_line' id='line_1_20' title="bbox 120 3421 1245 3509; baseline 0.002 -20"><span class='ocrx_word' id='word_1_84' title='bbox 120 3421 357 3491; x_wconf 83' lang='lat' dir='ltr'>Christianam</span> <span class='ocrx_word' id='word_1_85' title='bbox 382 3423 506 3506; x_wconf 85' lang='lat' dir='ltr'>fidem,</span> <span class='ocrx_word' id='word_1_86' title='bbox 534 3423 722 3509; x_wconf 86' lang='lat' dir='ltr'>baptismo</span> <span class='ocrx_word' id='word_1_87' title='bbox 747 3429 932 3508; x_wconf 86' lang='lat' dir='ltr'>suscepto,</span> <span class='ocrx_word' id='word_1_88' title='bbox 960 3423 1119 3509; x_wconf 80' lang='lat' dir='ltr'>professi</span> <span class='ocrx_word' id='word_1_89' title='bbox 1144 3430 1245 3491; x_wconf 88' lang='lat' dir='ltr'>sunt.</span> 
     </span>
    </p>
   </div>
   <div class='ocr_carea' id='block_1_12' title="bbox 601 3619 746 3667">
    <p class='ocr_par' dir='ltr' id='par_1_16' title="bbox 601 3619 746 3667">
     <span class='ocr_line' id='line_1_21' title="bbox 601 3619 746 3667; baseline 0 -1"><span class='ocrx_word' id='word_1_90' title='bbox 601 3619 746 3667; x_wconf 87' lang='lat' dir='ltr'>XXXIII.</span> 
     </span>
    </p>
   </div>
   <div class='ocr_carea' id='block_1_13' title="bbox 159 3743 1247 3832">
    <p class='ocr_par' dir='ltr' id='par_1_17' title="bbox 159 3743 1247 3832">
     <span class='ocr_line' id='line_1_22' title="bbox 159 3743 1247 3832; baseline 0.002 -21"><span class='ocrx_word' id='word_1_91' title='bbox 159 3743 289 3812; x_wconf 90' lang='lat' dir='ltr'>“Bona</span> <span class='ocrx_word' id='word_1_92' title='bbox 315 3743 468 3832; x_wconf 89' lang='lat' dir='ltr'>privata</span> <span class='ocrx_word' id='word_1_93' title='bbox 492 3743 680 3829; x_wconf 87' lang='lat' dir='ltr'>possidere</span> <span class='ocrx_word' id='word_1_94' title='bbox 704 3745 766 3830; x_wconf 87' lang='lat' dir='ltr'>jus</span> <span class='ocrx_word' id='word_1_95' title='bbox 795 3749 851 3811; x_wconf 89' lang='lat' dir='ltr'>est</span> <span class='ocrx_word' id='word_1_96' title='bbox 880 3744 1026 3811; x_wconf 86' lang='lat' dir='ltr'>homini</span> <span class='ocrx_word' id='word_1_97' title='bbox 1052 3748 1247 3830; x_wconf 82' lang='lat' dir='ltr'>naturale3</span> 
     </span>
    </p>
   </div>
   <div class='ocr_carea' id='block_1_14' title="bbox 14 3876 1250 3965">
    <p class='ocr_par' dir='ltr' id='par_1_18' title="bbox 14 3876 1250 3965">
     <span class='ocr_line' id='line_1_23' title="bbox 14 3876 1250 3965; baseline 0.006 -24"><span class='ocrx_word' id='word_1_98' title='bbox 14 3877 15 3882; x_wconf 75' lang='grc'>’</span> <span class='ocrx_word' id='word_1_99' title='bbox 121 3878 295 3963; x_wconf 82' lang='lat' dir='ltr'>coquenti</span> <span class='ocrx_word' id='word_1_100' title='bbox 320 3879 406 3965; x_wconf 86' lang='lat' dir='ltr'>jure</span> <span class='ocrx_word' id='word_1_101' title='bbox 431 3876 593 3944; x_wconf 87' lang='lat' dir='ltr'>maxime</span> <span class='ocrx_word' id='word_1_102' title='bbox 618 3876 657 3942; x_wconf 94' lang='lat' dir='ltr'>in</span> <span class='ocrx_word' id='word_1_103' title='bbox 682 3878 861 3944; x_wconf 88' lang='lat' dir='ltr'>societate</span> <span class='ocrx_word' id='word_1_104' title='bbox 885 3898 959 3945; x_wconf 90' lang='lat' dir='ltr'>non</span> <span class='ocrx_word' id='word_1_105' title='bbox 984 3879 1042 3945; x_wconf 82' lang='lat' dir='ltr'>fas</span> <span class='ocrx_word' id='word_1_106' title='bbox 1067 3881 1176 3948; x_wconf 90' lang='lat' dir='ltr'>modo</span> <span class='ocrx_word' id='word_1_107' title='bbox 1193 3887 1250 3948; x_wconf 88' lang='lat' dir='ltr'>est</span> 
     </span>
    </p>
   </div>
   <div class='ocr_carea' id='block_1_15' title="bbox 123 4002 623 4088">
    <p class='ocr_par' dir='ltr' id='par_1_19' title="bbox 123 4002 623 4088">
     <span class='ocr_line' id='line_1_24' title="bbox 123 4002 623 4088; baseline 0 -20"><span class='ocrx_word' id='word_1_108' title='bbox 123 4002 171 4068; x_wconf 86' lang='lat' dir='ltr'>sed</span> <span class='ocrx_word' id='word_1_109' title='bbox 186 4005 290 4088; x_wconf 87' lang='lat' dir='ltr'>plane</span> <span class='ocrx_word' id='word_1_110' title='bbox 307 4003 623 4071; x_wconf 86' lang='lat' dir='ltr'>necessarium.”1</span> 
     </span>
    </p>
   </div>
   <div class='ocr_carea' id='block_1_16' title="bbox 621 4183 731 4230">
    <p class='ocr_par' dir='ltr' id='par_1_20' title="bbox 621 4183 731 4230">
     <span class='ocr_line' id='line_1_25' title="bbox 621 4183 731 4230; baseline 0 0"><span class='ocrx_word' id='word_1_111' title='bbox 621 4183 731 4230; x_wconf 88' lang='lat' dir='ltr'>XXIV.</span> 
     </span>
    </p>
   </div>
   <div class='ocr_carea' id='block_1_17' title="bbox 127 4304 1251 4525">
    <p class='ocr_par' dir='ltr' id='par_1_21' title="bbox 127 4304 1251 4525">
     <span class='ocr_line' id='line_1_26' title="bbox 158 4304 1251 4401; baseline 0.006 -27"><span class='ocrx_word' id='word_1_112' title='bbox 158 4304 223 4374; x_wconf 83' lang='lat' dir='ltr'>Lex</span> <span class='ocrx_word' id='word_1_113' title='bbox 246 4308 372 4376; x_wconf 89' lang='lat' dir='ltr'>civilis</span> <span class='ocrx_word' id='word_1_114' title='bbox 390 4328 469 4394; x_wconf 92' lang='lat' dir='ltr'>qua</span> <span class='ocrx_word' id='word_1_115' title='bbox 494 4307 533 4373; x_wconf 93' lang='lat' dir='ltr'>in</span> <span class='ocrx_word' id='word_1_116' title='bbox 556 4309 719 4374; x_wconf 84' lang='lat' dir='ltr'>favorem</span> <span class='ocrx_word' id='word_1_117' title='bbox 746 4309 1054 4401; x_wconf 82' lang='lat' dir='ltr'>propinquorum,</span> <span class='ocrx_word' id='word_1_118' title='bbox 1077 4313 1251 4381; x_wconf 88' lang='lat' dir='ltr'>videlicet</span> 
     </span>
     <span class='ocr_line' id='line_1_27' title="bbox 127 4433 1250 4525; baseline 0.006 -26"><span class='ocrx_word' id='word_1_119' title='bbox 127 4433 393 4518; x_wconf 80' lang='lat' dir='ltr'>ascendentium,</span> <span class='ocrx_word' id='word_1_120' title='bbox 433 4433 750 4518; x_wconf 85' lang='lat' dir='ltr'>descendentium,</span> <span class='ocrx_word' id='word_1_121' title='bbox 787 4435 970 4521; x_wconf 87' lang='lat' dir='ltr'>conjugis,</span> <span class='ocrx_word' id='word_1_122' title='bbox 1006 4438 1250 4525; x_wconf 87' lang='lat' dir='ltr'>restringitur</span> 
     </span>
    </p>
   </div>
   <div class='ocr_carea' id='block_1_18' title="bbox 154 4625 564 4696">
    <p class='ocr_par' dir='ltr' id='par_1_22' title="bbox 154 4625 564 4696">
     <span class='ocr_line' id='line_1_28' title="bbox 154 4625 564 4696; baseline -0.01 -12"><span class='ocrx_word' id='word_1_123' title='bbox 154 4625 265 4696; x_wconf 75' lang='lat' dir='ltr'>&#39;Encyc</span> <span class='ocrx_word' id='word_1_124' title='bbox 277 4629 392 4683; x_wconf 73' lang='lat' dir='ltr'>Rerum</span> <span class='ocrx_word' id='word_1_125' title='bbox 404 4627 564 4680; x_wconf 83' lang='lat' dir='ltr'>Nonarum.</span> 
     </span>
    </p>
   </div>
   <div class='ocr_carea' id='block_1_19' title="bbox 0 0 1568 5317">
    <p class='ocr_par' dir='ltr' id='par_1_23' title="bbox 0 0 1568 5317">
     <span class='ocr_line' id='line_1_29' title="bbox 0 0 1568 5317; baseline 0 0"><span class='ocrx_word' id='word_1_126' title='bbox 0 0 1568 5317; x_wconf 95' lang='lat' dir='ltr'> </span> 
     </span>
    </p>
   </div>
  </div>
 </body>
</html>
