3125 5317
712 609 733 672 9

143 787 366 856 humanitate
404 788 669 858 inhabitabat.
735 790 845 859 Unde
876 789 917 857 in
950 807 1103 874 corpore
1138 804 1288 873 quoqne

143 915 292 1002 mystico
302 915 445 984 Christi
465 915 693 986 Paracletus
709 916 957 1004 personaliter
972 921 1011 983 et
1027 911 1287 982 substantiali-

143 1045 194 1107 ter
208 1040 352 1109 habitat
367 1047 503 1130 estque
520 1043 712 1111 Ecclesiae
730 1042 897 1129 Spiritus
921 1041 1098 1127 proprius
1114 1045 1153 1106 et
1168 1036 1287 1106 veluti

144 1165 270 1234 anima.

626 1309 630 1322 .
677 1279 741 1328 xv.

183 1401 347 1470 Verbum
358 1425 445 1472 caro
456 1405 599 1472 iactum
612 1425 687 1472 non
695 1425 737 1472 eo
749 1410 1018 1472 tantumsensu
1028 1401 1104 1468 fuit
1115 1399 1288 1486 “Spiritu

141 1527 344 1613 sapientiae
360 1535 399 1597 et
415 1530 634 1598 intellectus
647 1530 829 1616 repletum
842 1530 866 1562 ”
884 1529 986 1616 quod
999 1528 1130 1595 beatae
1143 1524 1287 1595 Christi

140 1653 283 1720 animae
307 1655 397 1722 inde
422 1656 469 1724 ab
493 1657 651 1723 exordio
679 1675 768 1723 suae
800 1654 1027 1722 existentiae
1059 1653 1182 1719 inerat
1205 1656 1287 1717 tum

139 1777 294 1846 scientia
303 1779 464 1848 visionis
473 1781 670 1848 beatificae
680 1786 760 1849 turn
772 1779 932 1848 scientia
942 1800 1009 1865 per
1019 1799 1058 1845 se
1069 1776 1207 1859 infusa,
1223 1773 1288 1841 sed

138 1902 373 1973 admittenda
386 1925 535 1993 quoque
551 1912 610 1974 est
626 1906 667 1973 in
679 1906 809 1974 eadem
823 1905 949 1972 anima
966 1902 1126 1971 scientia
1142 1900 1289 1967 animae

138 2028 324 2098 humanae
338 2052 422 2098 cnm
434 1997 587 2118 corpore
601 2034 823 2120 conjunctae
835 2031 989 2118 propria
1001 2049 1114 2117 quam
1128 2025 1289 2113 acquisi-

138 2164 211 2221 tam
228 2163 377 2225 vocant.

667 2269 749 2317 xvr.

182 2409 242 2476 Ad
260 2409 446 2496 originem
460 2432 544 2478 vero
562 2411 679 2499 hujus
695 2410 875 2479 scientiae
891 2409 932 2475 in
949 2408 1101 2477 Christo
1114 2405 1215 2493 quod
1233 2409 1286 2471 at·

139 2533 245 2618 tinet,
267 2555 459 2603 censemus
481 2557 561 2604 eam
588 2536 705 2604 fuisse
730 2541 812 2604 tum
837 2535 1172 2623 supernaturalem,
1201 2532 1226 2597 1.
1254 2552 1285 2597 e.
1348 2558 1351 2565 ·

139 2659 304 2728 infusam
337 2682 404 2749 per
433 2663 619 2747 accidens,
648 2669 727 2732 turn
758 2663 912 2749 proprio
935 2663 1162 2730 facultatum
1186 2679 1284 2726 exer·

138 2785 228 2854 citio
245 2787 473 2855 naturaliter
496 2789 736 2876 acquisitam,
757 2789 783 2856 i.
804 2809 835 2856 e.
857 2787 1082 2875 acquisitam
1108 2783 1289 2870 simplici-

136 2920 201 2978 ter.
257 2912 302 2979 In
328 2911 399 2980 hac
415 2935 499 2981 vero
516 2914 660 2983 scienta
684 2921 845 3002 utroque
865 2914 976 2981 modo
992 2917 1162 2999 spectata
1178 2929 1290 3010 sensu

135 3037 252 3104 etiam
270 3039 424 3125 proprio
440 3039 464 3108 J
466 3060 551 3108 esus
568 3041 645 3108 dici
660 3046 786 3126 potest
802 3040 1013 3127 profecisse.

659 3236 759 3284 XVII.

179 3376 371 3445 Doctrina
397 3379 653 3464 Agnoetarnm
679 3377 807 3464 etqui
832 3397 959 3444 eorum
985 3374 1142 3460 vestigia
1169 3371 1289 3439 secuti

133 3510 226 3571 sunt
275 3503 635 3588 Guntherianorum,
686 3503 764 3570 veri
821 3502 984 3570 nominis
1035 3499 1288 3585 ignorantiam

132 3629 290 3698 Christo
308 3630 511 3697 secundum
529 3629 732 3697 humanam
746 3635 920 3696 naturam
938 3633 1105 3713 spectato
1123 3626 1289 3693 tribuen-

133 3755 242 3840 tium,
279 3761 320 3823 et
351 3755 445 3823 Jesu
479 3755 618 3823 infanti
644 3755 896 3823 conscentiam
922 3754 980 3820 sni
1006 3752 1285 3838 denegantium,

130 3901 204 3949 non
230 3887 383 3950 tantum
414 3886 550 3949 temere
574 3882 621 3948 ab
646 3880 817 3948 unanimi
849 3880 998 3947 scholae
1023 3879 1210 3946 sententia
1235 3899 1289 3945 re-

129 3991 240 4075 cedit,
273 3990 484 4058 sedetiam
510 3990 614 4057 nullo
638 3990 760 4057 solido
794 3995 1013 4077 argumento
1038 4010 1086 4055 ex
1110 3988 1291 4055 Patribus

131 4134 249 4222 petito
267 4133 471 4202 inuititur.

654 4243 771 4292 xvrrr.

169 4391 275 4458 Licet
297 4385 450 4456 merito
463 4385 673 4470 affirmetur,
696 4386 730 4452 S.
751 4385 930 4452 Thomam
955 4405 998 4451 ea
1023 4385 1171 4452 tradere
1187 4385 1290 4471 priu-

125 4518 216 4608 ripia
240 4519 285 4586 in
315 4513 471 4604 quibus
494 4512 675 4599 objective
699 4513 837 4598 dogma
860 4512 907 4578 de
931 4511 1178 4580 Immaculato
1202 4510 1287 4578 Dei-
