3125 5317
836 492 878 555 10

254 661 344 727 dum
373 682 475 745 esse;
505 664 610 730 nullo
628 668 752 731 antem
779 664 1027 733 fundamento
1056 664 1133 732 sive
1150 664 1353 732 doctrinali
1378 662 1459 729 sive

252 769 434 838 historico
459 771 639 839 innititur
672 773 874 839 calummia
909 774 1058 841 saeculo
1091 772 1196 841 XVI.
1241 772 1453 858 divulgata,

252 879 365 964 juxta
382 880 598 949 Catholicos
615 881 725 948 fidem
743 882 920 949 hereticis
937 902 1011 950 non
1029 902 1108 949 esse
1125 882 1358 949 servandam.

786 1021 924 1075 XXXIV.

303 1123 948 1209 “Quamquamsocietatesprivatae
958 1124 1130 1191 existunt
1139 1124 1179 1190 in
1191 1123 1346 1191 civitate
1355 1123 1455 1208 ejus-

253 1254 325 1319 que
342 1232 446 1299 velut
459 1237 585 1316 partes
601 1230 771 1316 totidem,
790 1237 914 1299 tamen
932 1232 1104 1299 universe
1118 1253 1160 1299 ao
1177 1252 1243 1318 per
1260 1252 1298 1299 se
1311 1252 1385 1297 non
1398 1234 1459 1297 est

252 1342 291 1407 in
308 1346 496 1426 potestate
513 1340 742 1425 reipublicae
759 1360 806 1407 ne
822 1340 992 1408 existant
1015 1340 1225 1425 prohibere.
1277 1339 1457 1407 Privatae

252 1450 351 1517 enim
364 1448 562 1516 societates
572 1447 669 1515 inire
682 1468 894 1516 concessum
909 1454 967 1516 est
977 1449 1121 1516 homiui
1134 1450 1217 1535 jure
1228 1447 1426 1515 naturae.”
1440 1447 1452 1487 ¹

797 1589 918 1644 XXXV.

299 1694 356 1759 Ex
374 1692 522 1759 duabus
540 1691 786 1759 societatibus
802 1691 1011 1777 imparibus
1028 1691 1161 1759 iisdem
1180 1691 1354 1758 membris
1371 1711 1456 1757 coa-

252 1801 490 1883 lescentibus,
511 1821 608 1886 quae
624 1800 664 1866 in
681 1800 896 1868 conflictum
921 1799 1150 1885 devenerint,
1171 1821 1215 1867 ea
1239 1800 1458 1885 praevalere

252 1912 374 1993 debet,
395 1930 492 1997 quae
509 1909 657 1977 altioris
674 1908 819 1977 ordinis
835 1909 945 1977 finem
963 1908 1088 1976 habet.

568 2006 586 2033 Q

778 2050 917 2104 XXXVI.

302 2154 473 2220 “Rector
497 2152 757 2219 missionarius
785 2156 1046 2237 permanenter
1072 2151 1273 2219 institutus
1305 2173 1370 2219 seu
1396 2152 1457 2217 in-

252 2261 476 2343 amovibilis‚
497 2282 520 2327 a
537 2281 604 2327 sua
622 2259 799 2327 missione
816 2259 1008 2327 definitive
1025 2260 1203 2381 removeri
1221 2280 1294 2327 non
1312 2267 1453 2346 potest,

252 2372 325 2439 nisi
343 2371 390 2438 ab
407 2389 558 2437 causam
576 2368 860 2436 canonicam.”²

780 2508 933 2563 XXXVII.

297 2616 368 2682 Jus
384 2619 442 2680 est
464 2631 676 2697 supremum
695 2601 881 2696 Episcopo
903 2610 1132 2697 invigilandi
1150 2619 1193 2678 ut
1205 2612 1277 2678 rite
1294 2633 1316 2679 a
1333 2633 1455 2679 sacer-

250 2724 404 2792 dotibus
436 2720 533 2787 sacri
557 2718 758 2787 ministerii
791 2719 1004 2787 functiones
1036 2726 1275 2807 peragantur,
1308 2740 1455 2787 necnon

251 2830 409 2900 curandi
425 2830 471 2895 de
497 2827 671 2894 omnibus
692 2848 789 2915 quae
807 2828 855 2895 ad
884 2827 1170 2895 celebrationem
1197 2829 1322 2895 cultus
1338 2828 1454 2897 refer-

251 2947 377 3009 untur.

768 3026 935 3080 XXXVIII.

295 3133 372 3199 The
388 3130 557 3216 peculiar
572 3129 764 3196 condition
779 3129 820 3195 of
836 3128 900 3195 the
918 3128 1063 3195 Roman
1081 3130 1197 3197 world
1215 3130 1253 3194 in
1268 3130 1331 3196 the
1343 3132 1454 3218 early

249 3241 423 3328 imperial
440 3240 551 3305 times
567 3258 642 3303 was
659 3238 742 3304 well
768 3237 876 3304 fitted
894 3236 953 3303 ior
969 3236 1034 3303 the
1061 3238 1168 3322 rapid
1197 3239 1452 3325 propagation

249 3352 289 3418 of
313 3346 579 3432 christiania.
782 3434 913 3488 rxxrx

295 3542 371 3608 'l'he
388 3539 592 3623 testimony
609 3538 648 3605 oi
673 3538 737 3605 the
761 3537 1030 3604 ecclesiastical
1055 3537 1199 3605 writers
1216 3538 1255 3605 oi
1279 3539 1343 3605 the
1368 3540 1455 3609 first

248 3653 352 3721 three
385 3646 571 3716 centuries
600 3646 720 3713 shows
738 3646 803 3713 the
820 3646 985 3731 practice
1002 3645 1042 3712 oi
1066 3646 1192 3713 infant
1209 3646 1382 3732 Baptism
1408 3650 1451 3716 in

250 3760 313 3827 the
330 3758 434 3842 early
453 3754 616 3823 Ohnrch.
817 3844 869 3897 XL

295 3949 492 4036 Although
521 3946 693 4031 Baptism
722 3947 798 4012 and
826 3945 1096 4014 confirmation
1123 3966 1216 4013 were
1243 3948 1453 4037 originally

249 4058 517 4127 administered
536 4062 576 4122 at
593 4055 657 4122 the
683 4074 784 4120 same
811 4054 912 4136 time,
939 4054 1029 4141 they
1048 4074 1151 4136 were,
1183 4057 1448 4140 nevertheleSS‚

248 4169 389 4251 always
405 4166 493 4231 held
512 4185 553 4231 as
570 4162 729 4229 distinct
745 4158 985 4229 sacraments.

318 4309 384 4360 1[κο
397 4307 481 4358 XIII
480 4347 485 4367 ‚
501 4306 596 4371 Ertcyl.
610 4305 715 4356 Raram
729 4305 881 4356 Noveram.

275 4444 284 4458 ,
318 4392 413 4444 ²Ooac.
425 4390 604 4449 Bcltimma,
618 4387 678 4445 III.
696 4387 748 4447 Ta,
762 4388 807 4449 II,
822 4386 887 4452 Gap.
912 4386 938 4439 V.
