3125 5317
1340 485 1411 554 11

242 669 312 735 in
342 665 658 738 officinis
680 670 1109 756 integritati
1138 691 1427 738 morum
1457 671 1787 758 ingruat,
1822 691 1875 738 a
1894 691 2078 739 sexu
2104 665 2528 758 promiscuo

240 796 493 862 aliisve
525 797 980 882 perniciosis
1014 797 1537 865 invitamentis
1576 797 1970 883 peccandi,
2012 803 2148 865 aut
2179 797 2524 884 opificun·1

240 922 565 989 ordinem
649 923 918 991 herilis
983 924 1165 991 ordo
1236 924 1526 1010 iniquis
1606 929 1903 1010 premat
1965 924 2341 1009 oneribus,
2416 928 2524 992 rel

237 1047 496 1116 alienis
531 1069 576 1116 a
631 1069 950 1135 persona
1007 1069 1092 1116 ac
1155 1048 1534 1136 dignitate
1599 1049 1933 1117 humana
1966 1050 2528 1118 conditionibus

238 1175 534 1262 affligat:
590 1176 653 1243 si
709 1177 1131 1244 valetudini
1165 1183 1522 1245 noceatur
1555 1197 1775 1263 opere
1826 1176 2223 1245 immodico
2265 1198 2396 1244 nec
2432 1180 2524 1244 ad

237 1322 486 1368 sexum
544 1306 969 1369 aetatemve
1022 1302 1602 1386 accommodato,
1663 1301 1785 1369 his
1848 1301 1930 1367 in
1995 1301 2242 1369 causis
2304 1302 2528 1389 plane

238 1427 684 1508 adhibenda,
759 1433 1000 1495 certos
1080 1426 1282 1495 intra
1369 1427 1674 1513 limiteS,
1747 1426 1863 1494 vis
1943 1434 2019 1495 et
2118 1428 2528 1496 auctoritas

235 1553 558 1640 legum.’'
591 1555 618 1604 1
1424 1634 1431 1641 ,

1266 1664 1489 1712 xxtv.

326 1788 557 1857 “Esto
590 1795 680 1857 ut
713 1789 973 1876 opifex
1007 1795 1236 1876 atque
1270 1789 1495 1857 herus
1529 1789 1762 1858 libere
1787 1788 1867 1856 in
1894 1789 2093 1856 idem
2128 1787 2516 1874 placitum,

241 1936 320 1982 ac
351 1914 795 1983 nominatim
832 1915 911 1981 in
948 1914 1210 1982 salarii
1243 1915 1544 1982 modum
1573 1915 2074 1982 consentiant:
2129 1914 2383 1982 subest
2420 1924 2524 1980 1ῑί-

238 2061 388 2107 men
445 2061 736 2127 semper
768 2041 1068 2127 aliquid
1100 2061 1194 2108 ex
1245 2039 1550 2127 justitia
1607 2040 1964 2124 naturali,
2008 2040 2237 2126 idque
2290 2040 2524 2108 libem

242 2166 774 2251 paciscentium
841 2167 1231 2235 voluntate
1296 2166 1542 2251 majus
1606 2171 1683 2233 et
1746 2165 2164 2252 antiquius,
2197 2143 2199 2147 ⁷
2237 2166 2528 2233 scilifflus-

239 2291 494 2359 alendo
527 2292 797 2379 opifici=
851 2292 1051 2379 frugi
1112 2292 1412 2379 quidem
1450 2297 1526 2359 et
1581 2292 1766 2359 bene
1800 2297 2109 2375 morat0,
2151 2290 2358 2358 haud
2396 2292 2520 2356 in]-

241 2438 486 2503 parem
540 2438 702 2486 esse
758 2418 1165 2485 mercedem
1219 2424 1582 2504 oportere.
1687 2417 1903 2497 Quod
1957 2416 2021 2484 si
2080 2416 2524 2485 necessitatr³

240 2544 486 2630 opifex
526 2550 852 2624 coactuS‚
895 2551 1032 2611 aut
1063 2543 1245 2610 mali
1293 2543 1575 2629 pejoris
1610 2548 1812 2610 metu
1858 2548 2243 2628 permotus
2276 2542 2520 2609 durin-

238 2692 378 2738 rem
411 2670 922 2738 conditionem
978 2668 1325 2755 accipiat,
1369 2689 1584 2755 quae,
1626 2668 1926 2735 etiamsi
1987 2658 2205 2752 nolit,
2248 2668 2516 2756 accipi-

239 2797 421 2864 enda
471 2797 598 2881 sit,
641 2797 844 2883 quod
879 2817 923 2863 a
957 2795 1262 2863 domino
1296 2795 1413 2862 vel
1464 2815 1508 2861 a
1541 2795 2008 2880 redemptore
2052 2815 2357 2880 operum
2396 2796 2528 2860 im-

239 2925 557 3011 ponitur,
600 2923 808 2991 istud
861 2922 1162 3009 quidem
1213 2926 1329 2989 est
1372 2897 1625 2989 subire
1674 2920 1848 3005 vim,
1892 2920 2013 2988 cui
2066 2921 2370 3008 justitia
2424 2944 2528 2988 μμ,

240 3050 586 3118 clamat.'’
615 3052 648 3101 2

1285 3156 1473 3205 XXV.

328 3285 847 3371 “Quamquam
883 3282 1276 3350 societates
1301 3280 1643 3367 privatae
1682 3279 2028 3348 existunt
2062 3280 2143 3347 in
2178 3280 2508 3363 civitate,

237 3412 538 3499 ejusque
596 3415 776 3478 sunt
806 3409 1021 3476 velut
1075 3413 1328 3494 partes
1377 3407 1718 3491 totidem,
1753 3413 2004 3475 tamen
2063 3408 2404 3476 universe
2444 3436 2524 3476 m·

240 3558 359 3622 per
391 3557 467 3604 se
500 3556 656 3604 non
689 3540 803 3603 est
833 3532 915 3599 in
965 3537 1335 3618 potestate
1378 3508 1839 3617 reipublicae
1874 3552 1964 3599 ne
1997 3533 2329 3600 existant
2361 3555 2528 3619 prm*

240 3662 508 3729 hibere:
579 3660 917 3747 privatas
971 3658 1167 3727 enim
1222 3657 1617 3725 societates
1674 3657 1866 3724 inire
1924 3679 2353 3726 concessum
2412 3676 2520 3728 erat

239 3788 514 3856 homini
551 3788 719 3873 jure
751 3784 1143 3852 naturae.”
1172 3785 1205 3835 3

1244 3897 1487 3976 'xxv1.

322 4056 711 4136 Doctrina,
754 4073 944 4134 quae
977 4075 1021 4121 a
1053 4053 1426 4140 theologis
1477 4053 1876 4121 catholicis
1930 4054 2133 4121 tradi
2189 4057 2382 4124 solet
2436 4060 2524 4124 ὼ]

303 4255 315 4278 ·
344 4251 564 4320 Eneyl.
593 4250 736 4303 Leo.
765 4249 933 4315 xm,
961 4249 1179 4301 Rerum
1201 4248 1518 4301 Novarum.
2392 4209 2422 4210 f

300 4339 318 4362 ²
344 4337 599 4390 Ibidem.
635 4369 639 4372 -

301 4421 318 4444 ³
342 4418 598 4474 Ibidem.
