3125 5317
709 683 729 765 ὀ

677 909 758 958 XIX.

147 1041 352 1112 “Ecclesia
401 1069 481 1134 per
526 1072 567 1117 se
605 1051 696 1136 ipsa,
740 1051 788 1117 ob
828 1071 933 1117 suam
967 1070 1098 1135 nempe
1130 1049 1291 1117 admira-

112 1168 213 1234 bilem
246 1176 606 1260 propagationem,
639 1176 815 1242 eximiam
848 1176 1085 1243 sanctitatem
1119 1183 1157 1242 et
1188 1176 1291 1242 inex·

117 1295 282 1364 haustam
315 1299 361 1364 in
392 1302 585 1369 omnibus
612 1302 718 1369 bonis
741 1301 1048 1384 foecunditatem,
1069 1303 1116 1368 ob
1134 1302 1292 1370 catholi-

122 1441 192 1487 cam
208 1424 408 1492 unitatem
425 1411 693 1512 invictamque
702 1427 964 1506 stabilitatem,
981 1446 1157 1512 magnum
1176 1426 1291 1512 quod·

122 1548 199 1614 dam
216 1557 253 1616 et
272 1560 518 1636 perpetuum
537 1559 594 1618 est
604 1553 785 1618 motivum
798 1551 1067 1619 credibilitatis
1083 1558 1121 1619 et
1138 1552 1290 1618 divinae

122 1694 205 1741 suae
214 1675 433 1761 legationis
451 1679 713 1746 testimonium
738 1677 1058 1763 irrefragabile.”1

682 1856 748 1904 xx.

164 1997 293 2076 Quum
322 2019 416 2064 vera
450 1997 620 2064 Ecclesia.
645 1997 698 2064 ita
726 2019 774 2062 ex
800 1996 944 2065 Christi
970 1995 1212 2063 institutione
1238 1996 1290 2064 sit

123 2130 349 2207 comparata
367 2123 468 2189 utin
486 2144 529 2190 ea
546 2123 672 2189 omnia
688 2123 872 2188 elementa
895 2122 1137 2188 inveniantur
1153 2123 1293 2208 quibus

122 2247 168 2313 ad
195 2249 486 2335 assequendum
515 2251 622 2315 finem
652 2269 760 2314 suum
779 2248 961 2333 indigeat,
982 2248 1093 2332 plane
1122 2249 1293 2334 sequitur

123 2371 246 2456 ipsam
281 2396 334 2440 ex
366 2375 537 2460 positiva
566 2374 697 2440 Divini
725 2373 954 2440 Fundatoris
988 2374 1180 2440 voluntate
1213 2396 1292 2440 esse

122 2499 350 2566 societatem
369 2500 622 2586 undequaque
638 2499 854 2585 perfectam.

671 2677 767 2725 XXI.-

171 2818 360 2886 Christus
388 2819 523 2884 iisdem
547 2819 668 2885 verbis
696 2818 836 2904 qulbus
864 2818 1065 2903 Apostolos
1082 2818 1294 2903 designavit

124 2944 377 3010 authenticos
396 2964 483 3010 suos
501 2944 641 3029 legatos
662 2944 710 3010 ad
735 2944 906 3010 divinam
924 2943 1131 3010 doctrinam
1151 2965 1292 3011 conser-

127 3071 295 3136 vandam
332 3078 451 3155 atque
489 3070 780 3155 propagandam,
811 3068 924 3135 simul
964 3068 1080 3138 etiam
1121 3070 1294 3136 instituit

126 3215 294 3280 perenne
313 3195 587 3281 magisterium,
608 3195 735 3262 vivum
752 3203 791 3262 et
807 3195 1024 3262 infallibile.

666 3375 763 3422 XXII.

173 3515 287 3597 Quod
303 3517 337 3582 si
357 3515 503 3582 indoles
513 3516 648 3583 mentis
659 3515 856 3598 humanae,
872 3515 950 3582 sive
962 3516 1154 3602 religionis
1168 3515 1290 3584 Chris-

129 3643 259 3709 tianae
271 3642 494 3726 dogmatum
513 3640 609 3706 ratio
620 3640 814 3724 habeatur,
830 3641 1088 3724 magisterium
1103 3641 1291 3708 Ecclesiae

128 3767 325 3834 evincitur
340 3787 422 3834 esse
438 3765 601 3832 medinm
618 3767 769 3832 divinae
786 3765 874 3832 fidei
891 3766 1156 3852 propagandae
1174 3768 1290 3854 aptis-

129 3895 282 3962 simum.

656 4003 774 4051 xxm.

171 4129 233 4196 Ex
286 4127 535 4194 institutione
584 4127 623 4192 in
669 4128 864 4212 Apostolis
913 4127 1014 4194 facta
1064 4129 1210 4214 publici
1251 4137 1289 4196 et

124 4257 201 4323 tivi
221 4254 454 4340 magisterii,
476 4254 683 4320 luculenter
699 4261 847 4321 constat
864 4255 1183 4338 praedicationem
1201 4256 1288 4322 fidei

124 4382 202 4449 sive
229 4380 399 4450 solemni
431 4379 617 4445 Ecclesiae
642 4379 812 4446 docentis
835 4380 980 4467 J'udicio
998 4380 1076 4447 sive
1097 4381 1291 4448 ordinario

128 4528 386 4536 ---.-..-.-.-——-
418 4527 475 4530 ——
502 4527 519 4530 -
550 4527 585 4530 —
647 4527 677 4532 ..
698 4527 704 4532 .
754 4525 1289 4535 ---—.--...-..-.....-—-.—„——-....

158 4597 260 4648 'Cone
274 4596 349 4647 vat.
366 4589 549 4644 Const.l)ei
560 4587 660 4654 Filius,
675 4607 699 4645 c.
713 4590 754 4643 iii.
