3125 5317
708 599 726 679 9

677 808 756 857 xrrr.

162 935 538 1015 indeterminando
565 970 708 1016 canone
732 948 914 1016 librorum
932 949 979 1017 V.
1000 950 1038 1017 T.
1061 949 1193 1017 Patres
1216 970 1290 1017 non

131 1084 332 1140 statuerunt
364 1094 438 1141 nec
472 1085 602 1142 ratum
639 1075 849 1142 habuerunt
880 1075 1110 1161 principium
1137 1076 1183 1143 de
1212 1077 1291 1143 solo

135 1220 261 1266 canone
284 1199 529 1268 Jmlaeorum
549 1202 797 1269 admittendo.
837 1220 840 1224 ·

680 1413 745 1461 xx.

182 1538 343 1622 Gmecus
385 1555 435 1621 N.
472 1556 512 1621 Τ.
549 1561 678 1621 textus
713 1575 754 1621 ea
795 1574 879 1620 curn
919 1554 1104 1622 fidelitate
1143 1562 1291 1623 textum

144 1681 403 1768 primigenium
419 1681 535 1749 refert
551 1688 594 1747 ut
613 1680 663 1746 sit
680 1680 921 1747 authenticus
935 1681 1176 1749 revetationis
1192 1682 1288 1749 fons,

674 1876 754 1925 XXI.

190 2037 228 2103 In
245 2036 421 2104 omnibus
439 2035 716 2119 Soripmrarum
741 2034 913 2100 textibus
930 2034 1038 2101 adest
1062 2056 1193 2103 sensus
1210 2038 1292 2105 lite-

145 2164 242 2245 ralis,
263 2164 343 2228 sice
367 2162 543 2247 proprius
570 2160 648 2226 sire
673 2159 963 2245 metaphoricos:
992 2160 1032 2226 in
1057 2162 1185 2229 eodem
1208 2185 1293 2231 vero

145 2298 248 2355 textu
277 2308 351 2355 non
378 2286 637 2355 admittendus
654 2293 709 2353 est
725 2284 799 2351 nisi
818 2305 916 2351 unus
933 2306 1063 2352 sensus
1085 2286 1246 2361 literalis
1271 2312 1292 2356 a

146 2415 288 2501 Spiritu
307 2414 442 2479 Sancto
459 2410 676 2477 immediate
696 2411 876 2479 intentus

669 2622 765 2670 xxu.

192 2798 215 2827 ⁶·
226 2787 272 2853 In
286 2786 397 2851 rebus
409 2783 492 2849 fidei
506 2788 544 2848 et
556 2801 709 2853 morum.
727 2781 774 2847 ad
788 2781 1086 2850 aedificationem
1100 2783 1293 2854 doctrinae

144 2913 373 2981 christianae
405 2907 686 2995 pertinentium,
727 2906 759 2972 is
791 2927 857 2992 pro
890 2928 975 2974 vero
1015 2928 1126 2976 sensu
1167 2932 1293 2981 sacrae

143 3040 358 3123 Scriptura-e
380 3034 575 3101 habendus
600 3040 665 3115 est,
686 3053 794 3119 quem
821 3032 946 3099 tenuit
969 3054 1011 3099 ac
1036 3042 1139 3102 tenet
1164 3045 1292 3107 sancta

140 3168 263 3233 Mater
295 3160 472 3245 Ecclesia,
505 3160 613 3245 cujus
641 3167 696 3224 est
727 3158 897 3243 iudicare
923 3159 968 3225 de
997 3181 1082 3226 vero
1114 3183 1224 3230 sensu
1256 3173 1293 3233 et

141 3288 452 3376 interpretatione
486 3286 761 3370 Scripturarurn
800 3293 1028 3365 sanctarum3
1062 3294 1176 3375 atque
1209 3290 1293 3359 ideo

141 3416 281 3487 nemini
317 3415 406 3480 licet
439 3420 567 3477 contra
600 3410 699 3476 hunc
734 3430 882 3476 sensum
916 3422 983 3478 aut
1009 3413 1121 3479 etiarn
1163 3425 1294 3485 contra

143 3543 353 3611 unanimem
373 3558 591 3605 consensum
617 3536 771 3603 Patrum
791 3535 913 3621 ipsam
932 3537 1161 3623 scripturam
1180 3541 1293 3608 inter-

142 3666 344 3757 pretari.”1

659 3788 777 3836 xxm.

180 3954 355 4023 Essentiu
384 3949 615 4016 moralitatis
633 3948 671 4014 in
689 3948 836 4015 actibus
861 3948 1037 4016 humanis
1064 3952 1238 4019 consistit
1253 3954 1293 4019 in

136 4082 262 4149 debita
290 4075 539 4147 ordinatione
556 4076 610 4139 vel
637 4074 676 4140 in
702 4074 850 4155 defectu
871 4074 1019 4141 debitae
1042 4077 1294 4146 ordinationis

134 4209 179 4276 ad
197 4208 386 4275 rationem
409 4201 486 4286 legi
506 4210 673 4267 aeternae
691 4211 988 4268 consentaneam.

785 4360 1293 4375 ff-„Q

208 4454 316 4505 'Cone
330 4448 435 4503 Vatic.
453 4448 557 4497 const.
572 4446 630 4501 Dei
640 4446 744 4509 Filius,
759 4448 829 4513 Cap.
844 4448 882 4500 11.
