3125 5317
682 481 724 548 15

128 664 300 732 membris
326 665 404 732 suis
427 665 580 732 miseris
604 667 811 734 subvenire.
864 666 1020 736 Privata
1043 677 1185 756 ergoet
1208 693 1273 757 pu-

128 792 223 859 blica
239 791 379 859 caritas
396 811 469 858 non
487 792 627 858 debent
643 791 877 859 adinvicem
893 795 1044 880 opponi,
1065 797 1130 864 sed
1147 797 1276 883 potius

129 917 223 984 inter
238 937 276 984 se
293 917 518 985 coordinari.

645 1149 752 1198 xLV1.

171 1328 349 1408 Quamvis
369 1327 509 1394 caritas
534 1326 679 1413 privata
707 1327 825 1394 libera
851 1348 998 1396 manere
1023 1329 1168 1414 debeat,
1190 1331 1272 1397 sub-

128 1463 184 1522 est
198 1461 322 1521 tamen
346 1453 597 1521 moderationi
622 1453 862 1520 auctoritatis
887 1455 1048 1539 socialis,
1069 1476 1166 1542 quae
1187 1478 1272 1543 pru-

126 1581 299 1648 dentibus
316 1579 621 1647 ordinationibus
637 1579 777 1646 abusus
795 1579 926 1647 tollere
942 1587 1081 1666 potest3
1107 1583 1272 1650 nomina-

128 1707 216 1774 tiam
234 1705 373 1772 limites
384 1725 470 1772 suos
485 1725 560 1772 non
577 1704 723 1771 excedit
735 1705 943 1772 auctoritas
956 1706 1108 1774 socialis
1122 1710 1274 1794 quando

128 1833 311 1918 publicam
329 1830 612 1898 mendicitatem
630 1831 820 1898 moderate
837 1831 1023 1917 prohibet.

632 2095 756 2143 XLVII.

176 2275 276 2341 Duae
307 2279 395 2341 sunt
427 2272 587 2340 efficacis
627 2272 801 2338 caritatis
841 2272 1076 2340 conditiones
1111 2275 1272 2342 maxime

132 2403 248 2484 utiles,
265 2398 458 2486 presertim
476 2398 543 2464 ubi
557 2397 657 2484 viget
674 2397 905 2484 pauperismi
920 2399 1033 2484 plaga
1047 2423 1056 2481 3
1082 2400 1272 2485 imprimis

132 2526 283 2594 exerceri
315 2526 425 2592 debet
452 2545 520 2610 per
545 2523 812 2591 associationes
838 2523 967 2609 potius
992 2545 1105 2610 quam
1132 2527 1271 2595 indivi-

132 2653 286 2720 dualiter
302 2659 339 2718 et
355 2649 540 2726 solitaria
565 2649 701 2717 deinde
714 2650 826 2717 debet
837 2649 908 2716 tali
922 2651 1033 2717 modo
1046 2655 1207 2720 exerceri
1229 2661 1272 2721 ut
1352 2672 1358 2684 ·

133 2780 255 2846 tendat
270 2798 342 2845 non
359 2778 482 2844 solum
499 2775 545 2842 ad
564 2776 718 2842 miseros
728 2776 995 2843 sustentandos
1007 2779 1071 2844 sed
1088 2779 1205 2846 etiam
1222 2781 1270 2847 ad

135 2905 314 2972 miseriam
352 2901 685 2987 supprimendam
723 2901 812 2967 hinc
837 2901 982 2987 optima
1014 2904 1270 2991 eleemosynae

134 3031 264 3117 species
279 3050 321 3098 ea
337 3037 395 3096 est
411 3049 487 3115 qua
504 3027 703 3110 praebetur
719 3027 918 3095 laborandi
936 3031 1212 3113 opportunitas.

623 3272 765 3321 XLVIII.

176 3458 268 3526 Cura
278 3471 486 3540 pauperum
496 3437 771 3536 specialimodo
782 3450 911 3536 etjure
921 3451 1073 3535 proprio
1082 3451 1270 3521 Ecclesiae

133 3583 320 3652 commissa
335 3587 392 3648 est
408 3601 429 3646 a
448 3577 608 3647 Christo.

637 3806 745 3855 XLIX.

170 3993 241 4060 'Ihe
263 3989 440 4059 methods
456 3988 497 4055 oi
519 3987 672 4071 dealing
695 3985 789 4053 with
815 3985 879 4052 the
904 4004 995 4070 poor
1020 3983 1111 4050 used
1136 3983 1187 4069 by
1205 3985 1269 4052 the

129 4119 273 4206 English
300 4115 549 4184 monasteries
566 4133 658 4180 were
683 4112 854 4197 superior
871 4118 910 4176 to
928 4110 1035 4176 those
1060 4109 1269 4177 instituted

129 4247 172 4332 by
187 4246 311 4331 Henry
331 4242 442 4324 VIII,
463 4239 656 4308 Elizabeth
674 4238 749 4306 and
774 4237 874 4303 their
892 4236 1109 4302 immediate
1127 4256 1268 4303 succes-

129 4392 206 4440 SOIS.
