3125 5317
739 578 762 653 7

724 784 776 834 XI.

173 910 364 1003 Ecclesia,
388 922 433 989 vi
463 944 551 993 suae
568 925 713 995 divina
736 925 938 1010 missionis,
959 925 1100 994 directe
1123 926 1186 1012 jus
1209 918 1323 992 habet

143 1044 261 1112 omnia
278 1066 386 1133 quae
407 1048 464 1116 ad
485 1051 579 1118 fidei
598 1052 811 1138 depositum
829 1052 1032 1139 pertinent,
1053 1050 1245 1136 edocendi,
1266 1050 1321 1116 in-

149 1172 280 1239 directe
299 1181 442 1243 autem
470 1178 538 1263 jus
562 1178 733 1263 possidet
756 1178 934 1247 scientias
958 1178 1137 1265 profanas
1161 1175 1321 1245 docendi

153 1300 257 1367 etiam
275 1300 318 1367 in
335 1301 493 1370 scholis
511 1304 691 1391 propriis.

712 1483 782 1532 xn.

206 1638 455 1709 “Catholicis
469 1640 565 1709 viris
582 1641 732 1728 probari
749 1660 823 1709 non
840 1645 965 1727 potest
980 1661 1024 1708 ea
1039 1638 1250 1727 juventutis
1266 1638 1321 1707 in·

163 1765 366 1835 stituendae
383 1768 486 1836 ratio
501 1788 602 1855 quae
619 1768 670 1836 sit
685 1789 707 1836 a
723 1767 921 1837 Catholica
938 1767 1011 1834 tide
1027 1774 1065 1835 et
1081 1767 1129 1834 ab
1145 1765 1323 1834 Ecclesiae

162 1900 351 1978 potestate
368 1895 608 1981 sejuncta.’'¹

703 2022 792 2072 xm.

212 2178 442 2248 “Primatns
458 2180 737 2267 jurisdictionis
754 2180 795 2247 in
806 2180 1018 2248 universam
1032 2180 1103 2247 Dei
1114 2178 1319 2247 Ecclesiam
1336 2186 1340 2193 '

163 2302 384 2372 immediate
400 2314 439 2374 et
453 2306 597 2373 directe
614 2306 722 2373 beato
739 2304 852 2373 Petro
869 2305 1053 2391 Apostolo
1068 2305 1229 2373 collatus
1245 2304 1322 2372 fuit

164 2450 187 2496 a
202 2430 359 2498 Christo
376 2431 605 2498 Domino.”2

706 2560 789 2609 xw.

212 2724 236 2755 “
250 2717 355 2785 Haeo
371 2718 531 2785 Romani
545 2717 743 2786 Pontificis
758 2719 1039 2805 iurisdictionis
1056 2725 1224 2804 potestas
1237 2737 1320 2785 vere

162 2843 395 2929 episcopalis
410 2852 467 2910 est
488 2849 527 2911 et
552 2843 780 2929 immediata,
801 2865 890 2931 erga
914 2864 1026 2931 quam
1052 2845 1322 2930 cujuscumque

164 2968 265 3035 ritus
281 2974 321 3035 et
343 2968 546 3054 dignitatis
569 2967 737 3055 pastores
761 2976 877 3056 atque
901 2970 1040 3053 fideles,
1061 2975 1138 3037 tam
1156 2988 1319 3035 seorsum

164 3093 311 3180 singuli
339 3116 450 3180 quam
468 3095 580 3162 simul
598 3115 734 3175 omnes,
755 3074 881 3162 officio
892 3095 1135 3163 hierarchicae
1151 3094 1320 3162 subordi-

165 3220 339 3286 nationis
360 3239 528 3307 veraeque
544 3219 770 3287 obedientia
786 3220 1086 3306 obstringuntur,
1108 3240 1182 3287 non
1199 3222 1319 3288 solum

164 3344 202 3411 in
221 3345 338 3412 rebus
354 3364 439 3432 quae
455 3346 503 3413 ad
520 3345 630 3412 fidem
647 3352 685 3414 et
702 3365 830 3429 mores,
846 3346 910 3413 sed
927 3346 1042 3413 etiam
1055 3346 1094 3412 in
1111 3345 1161 3412 iis
1174 3366 1259 3433 quae
1271 3347 1320 3414 ad

164 3470 411 3556 disciplinam
428 3478 465 3537 et
480 3470 643 3557 regimen
667 3470 844 3540 Ecclesiae
869 3491 935 3557 per
959 3478 1080 3540 totum
1105 3472 1229 3539 orbem
1247 3471 1319 3539 dii-

165 3596 264 3664 fusae
281 3596 534 3682 pertinent.”³

709 3724 775 3773 xv,

215 3898 444 3965 “Romanus
457 3898 634 3966 Pontifex
648 3919 731 3967 oum
745 3922 793 3967 ex
806 3900 987 3970 cathedra
999 3899 1179 3988 loquitur,
1194 3900 1234 3968 id
1248 3908 1316 3986 est,

165 4044 250 4089 cum
262 4024 432 4091 omnium
444 4024 740 4093 Christianorum
756 4026 926 4094 Pastoris
936 4033 974 4093 et
984 4026 1159 4094 Doctoris
1170 4047 1320 4095 munere

167 4186 245 4193 --.-
269 4188 288 4193 -
305 4188 317 4191 -
336 4188 390 4192 -—
441 4188 457 4192 —
481 4188 794 4195 -..—----—-...—.—-
829 4190 875 4197 ---
903 4191 958 4197 -.-

234 4250 404 4317 'Syllabas
419 4252 501 4318 Prop.
515 4252 556 4305 m.

232 4336 337 4387 'Cone
355 4334 453 4387 Vatic.
467 4338 564 4389 const
579 4336 684 4389 Pastor
693 4340 828 4398 eternus,
842 4340 913 4405 Cap.
929 4341 951 4391 1.

233 4421 341 4471 'Cone
357 4417 456 4472 Vatia.
471 4420 566 4473 const.
582 4420 689 4473 Pastor
700 4401 836 4482 celerius.
848 4424 920 4488 Cap.
935 4424 989 4474 111.
